!TRNS	TRANSTYPE	DATE	MEMO	ACCNT	NAME	AMOUNT	DOCNUM	
!SPL	TRANSTYPE	DATE	MEMO	ACCNT	NAME	AMOUNT	DOCNUM	QNTY	PRICE	
!ENDTRNS	
TRNS	INVOICE	01/03/2022	Truck: 1706JCGcom	Accounts Receivable	240	201.55	95948	
SPL	INVOICE	01/03/2022	H1	Sales Income	240	-201.55	95948	4.42	45.6	
ENDTRNS	
TRNS	INVOICE	01/03/2022	Truck: 154f350/t	Accounts Receivable	122	32.83	95949	
SPL	INVOICE	01/03/2022	DC	Sales Income	122	-32.83	95949	0.72	45.6	
ENDTRNS	
TRNS	INVOICE	01/03/2022	Truck: 154wf150	Accounts Receivable	154	0	95950	
SPL	INVOICE	01/03/2022	H2	Sales Income	154	0.0	95950	0.08	0.0	
ENDTRNS	
TRNS	INVOICE	01/03/2022	Truck: 238	Accounts Receivable	238	38.76	95951	
SPL	INVOICE	01/03/2022	DC	Sales Income	238	-38.76	95951	0.85	45.6	
ENDTRNS	
TRNS	INVOICE	01/03/2022	Truck: 154bram	Accounts Receivable	154	0	95952	
SPL	INVOICE	01/03/2022	H2	Sales Income	154	0.0	95952	0.01	0.0	
ENDTRNS	
TRNS	INVOICE	01/03/2022	Truck: CoH2	Accounts Receivable	154	0	95953	
SPL	INVOICE	01/03/2022	I-2	Sales Income	154	0.0	95953	0.48	0.0	
ENDTRNS	
TRNS	INVOICE	01/03/2022	Truck: Renne's 94	Accounts Receivable	194	15.5	95954	
SPL	INVOICE	01/03/2022	H1	Sales Income	194	-15.5	95954	0.34	45.59	
ENDTRNS	
TRNS	INVOICE	01/03/2022	Truck: 236outd	Accounts Receivable	236	52.44	95955	
SPL	INVOICE	01/03/2022	DC	Sales Income	236	-52.44	95955	1.15	45.6	
ENDTRNS	
TRNS	INVOICE	01/03/2022	Truck: 154rcsilv/	Accounts Receivable	154	0	95956	
SPL	INVOICE	01/03/2022	H2	Sales Income	154	0.0	95956	0.13	0.0	
ENDTRNS	
TRNS	INVOICE	01/03/2022	Truck: 236 outd	Accounts Receivable	236	0	95957	
SPL	INVOICE	01/03/2022	H2	Sales Income	236	0.0	95957	1.04	0.0	
ENDTRNS	
TRNS	INVOICE	01/03/2022	Truck: 154bram	Accounts Receivable	154	0	95958	
SPL	INVOICE	01/03/2022	I-2	Sales Income	154	0.0	95958	1.11	0.0	
ENDTRNS	
TRNS	INVOICE	01/03/2022	Truck: 154wgmc/t	Accounts Receivable	182	42.86	95959	
SPL	INVOICE	01/03/2022	DC	Sales Income	182	-42.86	95959	0.94	45.6	
ENDTRNS	
TRNS	INVOICE	01/03/2022	Truck: 154bcsier	Accounts Receivable	154	0	95960	
SPL	INVOICE	01/03/2022	H2	Sales Income	154	0.0	95960	0.1	0.0	
ENDTRNS	
TRNS	INVOICE	01/03/2022	Truck: 2679	Accounts Receivable	173	0	95961	
SPL	INVOICE	01/03/2022	H-3	Sales Income	173	0.0	95961	15.86	0.0	
ENDTRNS	
TRNS	INVOICE	01/03/2022	Truck: outdoor	Accounts Receivable	236	41.5	95962	
SPL	INVOICE	01/03/2022	DC	Sales Income	236	-41.5	95962	0.91	45.6	
ENDTRNS	
TRNS	INVOICE	01/03/2022	Truck: 154bsier	Accounts Receivable	182	5.93	95963	
SPL	INVOICE	01/03/2022	DC	Sales Income	182	-5.93	95963	0.13	45.62	
ENDTRNS	
TRNS	INVOICE	01/03/2022	Truck: 154redf250	Accounts Receivable	182	5.47	95964	
SPL	INVOICE	01/03/2022	DC	Sales Income	182	-5.47	95964	0.12	45.58	
ENDTRNS	
TRNS	INVOICE	01/03/2022	Truck: 1923	Accounts Receivable	162	0	95965	
SPL	INVOICE	01/03/2022	H-2	Sales Income	162	0.0	95965	6.59	0.0	
ENDTRNS	
TRNS	INVOICE	01/03/2022	Truck: 154wsilv	Accounts Receivable	154	0	95966	
SPL	INVOICE	01/03/2022	H2	Sales Income	154	0.0	95966	0.06	0.0	
ENDTRNS	
TRNS	INVOICE	01/03/2022	Truck: 154wf150/t	Accounts Receivable	154	0	95967	
SPL	INVOICE	01/03/2022	H2	Sales Income	154	0.0	95967	0.51	0.0	
ENDTRNS	
TRNS	INVOICE	01/03/2022	Truck: 154bram/tr	Accounts Receivable	122	54.26	95968	
SPL	INVOICE	01/03/2022	DC	Sales Income	122	-54.26	95968	1.19	45.6	
ENDTRNS	
TRNS	INVOICE	01/03/2022	Truck: 1906	Accounts Receivable	162	0	95969	
SPL	INVOICE	01/03/2022	H-2	Sales Income	162	0.0	95969	5.36	0.0	
ENDTRNS	
TRNS	INVOICE	01/03/2022	Truck: 154bsuv	Accounts Receivable	154	0	95970	
SPL	INVOICE	01/03/2022	H2	Sales Income	154	0.0	95970	0.03	0.0	
ENDTRNS	
TRNS	INVOICE	01/03/2022	Truck: 1925	Accounts Receivable	162	0	95971	
SPL	INVOICE	01/03/2022	H-2	Sales Income	162	0.0	95971	9.29	0.0	
ENDTRNS	
TRNS	INVOICE	01/03/2022	Truck: Renne's 94	Accounts Receivable	194	21.43	95972	
SPL	INVOICE	01/03/2022	H1	Sales Income	194	-21.43	95972	0.47	45.6	
ENDTRNS	
TRNS	INVOICE	01/03/2022	Truck: 182outdoor	Accounts Receivable	236	0	95973	
SPL	INVOICE	01/03/2022	H2	Sales Income	236	0.0	95973	0.69	0.0	
ENDTRNS	
TRNS	INVOICE	01/03/2022	Truck: 154g4x4	Accounts Receivable	154	0	95974	
SPL	INVOICE	01/03/2022	H2	Sales Income	154	0.0	95974	0.17	0.0	
ENDTRNS	
TRNS	INVOICE	01/03/2022	Truck: 154st/t	Accounts Receivable	154	0	95975	
SPL	INVOICE	01/03/2022	H2	Sales Income	154	0.0	95975	0.09	0.0	
ENDTRNS	
TRNS	INVOICE	01/03/2022	Truck: 154car	Accounts Receivable	154	0	95976	
SPL	INVOICE	01/03/2022	H2	Sales Income	154	0.0	95976	0.04	0.0	
ENDTRNS	
TRNS	INVOICE	01/03/2022	Truck: 154wf150	Accounts Receivable	154	0	95977	
SPL	INVOICE	01/03/2022	H2	Sales Income	154	0.0	95977	0.12	0.0	
ENDTRNS	
TRNS	INVOICE	01/03/2022	Truck: 154bram	Accounts Receivable	154	0	95978	
SPL	INVOICE	01/03/2022	H2	Sales Income	154	0.0	95978	0.06	0.0	
ENDTRNS	
TRNS	INVOICE	01/03/2022	Truck: 154wf250	Accounts Receivable	154	0	95979	
SPL	INVOICE	01/03/2022	H2	Sales Income	154	0.0	95979	0.13	0.0	
ENDTRNS	
TRNS	INVOICE	01/03/2022	Truck: 154wf150	Accounts Receivable	154	0	95980	
SPL	INVOICE	01/03/2022	H2	Sales Income	154	0.0	95980	0.27	0.0	
ENDTRNS	
TRNS	INVOICE	01/03/2022	Truck: 154wf250/t	Accounts Receivable	154	0	95981	
SPL	INVOICE	01/03/2022	H2	Sales Income	154	0.0	95981	0.35	0.0	
ENDTRNS	
TRNS	INVOICE	01/03/2022	Truck: 154profp	Accounts Receivable	154	0	95982	
SPL	INVOICE	01/03/2022	H2	Sales Income	154	0.0	95982	0.22	0.0	
ENDTRNS	
TRNS	INVOICE	01/03/2022	Truck: 1920	Accounts Receivable	162	0	95983	
SPL	INVOICE	01/03/2022	H-2	Sales Income	162	0.0	95983	6.74	0.0	
ENDTRNS	
TRNS	INVOICE	01/03/2022	Truck: 1924	Accounts Receivable	162	0	95985	
SPL	INVOICE	01/03/2022	H-2	Sales Income	162	0.0	95985	6	0.0	
ENDTRNS	
TRNS	INVOICE	01/03/2022	Truck: 154wf	Accounts Receivable	154	0	95986	
SPL	INVOICE	01/03/2022	H2	Sales Income	154	0.0	95986	0.04	0.0	
ENDTRNS	
TRNS	INVOICE	01/03/2022	Truck: 182bram/t	Accounts Receivable	182	76.61	95987	
SPL	INVOICE	01/03/2022	DC	Sales Income	182	-76.61	95987	1.68	45.6	
ENDTRNS	
TRNS	INVOICE	01/03/2022	Truck: 154s4x4	Accounts Receivable	154	0	95988	
SPL	INVOICE	01/03/2022	H2	Sales Income	154	0.0	95988	0.12	0.0	
ENDTRNS	
TRNS	INVOICE	01/03/2022	Truck: 154wc1500/	Accounts Receivable	154	0	95989	
SPL	INVOICE	01/03/2022	H2	Sales Income	154	0.0	95989	0.33	0.0	
ENDTRNS	
TRNS	INVOICE	01/03/2022	Truck: 154bram	Accounts Receivable	154	0	95990	
SPL	INVOICE	01/03/2022	H2	Sales Income	154	0.0	95990	0.06	0.0	
ENDTRNS	
TRNS	INVOICE	01/03/2022	Truck: 1925	Accounts Receivable	162	0	95991	
SPL	INVOICE	01/03/2022	H-2	Sales Income	162	0.0	95991	1.27	0.0	
ENDTRNS	
TRNS	INVOICE	01/03/2022	Truck: 154rf150	Accounts Receivable	154	0	95992	
SPL	INVOICE	01/03/2022	H2	Sales Income	154	0.0	95992	0.15	0.0	
ENDTRNS	
TRNS	INVOICE	01/03/2022	Truck: 154bf250	Accounts Receivable	154	0	95993	
SPL	INVOICE	01/03/2022	H2	Sales Income	154	0.0	95993	0.1	0.0	
ENDTRNS	
TRNS	INVOICE	01/03/2022	Truck: 154rf150//	Accounts Receivable	154	0	95994	
SPL	INVOICE	01/03/2022	H2	Sales Income	154	0.0	95994	0.01	0.0	
ENDTRNS	
TRNS	INVOICE	01/03/2022	Truck: CoH2	Accounts Receivable	154	0	95995	
SPL	INVOICE	01/03/2022	I-2	Sales Income	154	0.0	95995	0.99	0.0	
ENDTRNS	
TRNS	INVOICE	01/03/2022	Truck: 1 2 3	Accounts Receivable	154	0	95996	
SPL	INVOICE	01/03/2022	H-2	Sales Income	154	0.0	95996	2.74	0.0	
ENDTRNS	
TRNS	INVOICE	01/03/2022	Truck: 154swc1500	Accounts Receivable	154	0	95997	
SPL	INVOICE	01/03/2022	H2	Sales Income	154	0.0	95997	0.02	0.0	
ENDTRNS	
TRNS	INVOICE	01/03/2022	Truck: 154wesc/t	Accounts Receivable	154	0	95998	
SPL	INVOICE	01/03/2022	H2	Sales Income	154	0.0	95998	0.09	0.0	
ENDTRNS	
TRNS	INVOICE	01/03/2022	Truck: 1905	Accounts Receivable	162	0	95999	
SPL	INVOICE	01/03/2022	H-2	Sales Income	162	0.0	95999	6.09	0.0	
ENDTRNS	
TRNS	INVOICE	01/03/2022	Truck: 154suv	Accounts Receivable	154	0	96000	
SPL	INVOICE	01/03/2022	H2	Sales Income	154	0.0	96000	0.09	0.0	
ENDTRNS	
TRNS	INVOICE	01/03/2022	Truck: 154tfor	Accounts Receivable	154	0	96001	
SPL	INVOICE	01/03/2022	H2	Sales Income	154	0.0	96001	0.04	0.0	
ENDTRNS	
TRNS	INVOICE	01/03/2022	Truck: 1907	Accounts Receivable	162	0	96002	
SPL	INVOICE	01/03/2022	H-2	Sales Income	162	0.0	96002	7.61	0.0	
ENDTRNS	
TRNS	INVOICE	01/03/2022	Truck: 154gatli	Accounts Receivable	182	8.21	96003	
SPL	INVOICE	01/03/2022	DC	Sales Income	182	-8.21	96003	0.18	45.61	
ENDTRNS	
TRNS	INVOICE	01/03/2022	Truck: 154rgmc	Accounts Receivable	154	0	96004	
SPL	INVOICE	01/03/2022	H2	Sales Income	154	0.0	96004	0.18	0.0	
ENDTRNS	
TRNS	INVOICE	01/03/2022	Truck: 1903	Accounts Receivable	162	0	96005	
SPL	INVOICE	01/03/2022	H-2	Sales Income	162	0.0	96005	9.78	0.0	
ENDTRNS	
TRNS	INVOICE	01/03/2022	Truck: 1923	Accounts Receivable	162	0	96006	
SPL	INVOICE	01/03/2022	H-2	Sales Income	162	0.0	96006	7.45	0.0	
ENDTRNS	
TRNS	INVOICE	01/03/2022	Truck: 154tit/t	Accounts Receivable	154	0	96007	
SPL	INVOICE	01/03/2022	W-2 (White Goods)	Sales Income	154	0.0	96007	0.18	0.0	
ENDTRNS	
TRNS	INVOICE	01/03/2022	Truck: 154wsilver	Accounts Receivable	154	0	96008	
SPL	INVOICE	01/03/2022	H2	Sales Income	154	0.0	96008	0.06	0.0	
ENDTRNS	
TRNS	INVOICE	01/03/2022	Truck: 154bram	Accounts Receivable	154	0	96009	
SPL	INVOICE	01/03/2022	H2	Sales Income	154	0.0	96009	0.03	0.0	
ENDTRNS	
TRNS	INVOICE	01/03/2022	Truck: 154kwilli	Accounts Receivable	154	0	96010	
SPL	INVOICE	01/03/2022	H2	Sales Income	154	0.0	96010	0.14	0.0	
ENDTRNS	
TRNS	INVOICE	01/03/2022	Truck: 1921-O	Accounts Receivable	162	0	96011	
SPL	INVOICE	01/03/2022	H-2	Sales Income	162	0.0	96011	2.91	0.0	
ENDTRNS	
TRNS	INVOICE	01/03/2022	Truck: 154wgmc	Accounts Receivable	154	0	96012	
SPL	INVOICE	01/03/2022	H2	Sales Income	154	0.0	96012	0.04	0.0	
ENDTRNS	
TRNS	INVOICE	01/03/2022	Truck: 154bcany	Accounts Receivable	154	0	96013	
SPL	INVOICE	01/03/2022	H2	Sales Income	154	0.0	96013	0.1	0.0	
ENDTRNS	
TRNS	INVOICE	01/03/2022	Truck: 154suv	Accounts Receivable	154	0	96014	
SPL	INVOICE	01/03/2022	H2	Sales Income	154	0.0	96014	0.02	0.0	
ENDTRNS	
TRNS	INVOICE	01/03/2022	Truck: 154car	Accounts Receivable	154	0	96015	
SPL	INVOICE	01/03/2022	H2	Sales Income	154	0.0	96015	0	0.0	
ENDTRNS	
TRNS	INVOICE	01/03/2022	Truck: 154wfxlt	Accounts Receivable	154	0	96016	
SPL	INVOICE	01/03/2022	H2	Sales Income	154	0.0	96016	0.15	0.0	
ENDTRNS	
TRNS	INVOICE	01/03/2022	Truck: CoH2	Accounts Receivable	154	0	96017	
SPL	INVOICE	01/03/2022	I-2	Sales Income	154	0.0	96017	0.72	0.0	
ENDTRNS	
TRNS	INVOICE	01/03/2022	Truck: 154bf350	Accounts Receivable	154	0	96018	
SPL	INVOICE	01/03/2022	H2	Sales Income	154	0.0	96018	0.04	0.0	
ENDTRNS	
TRNS	INVOICE	01/03/2022	Truck: 1906	Accounts Receivable	162	0	96020	
SPL	INVOICE	01/03/2022	H-2	Sales Income	162	0.0	96020	6.97	0.0	
ENDTRNS	
TRNS	INVOICE	01/03/2022	Truck: 154tumdr	Accounts Receivable	154	0	96021	
SPL	INVOICE	01/03/2022	H2	Sales Income	154	0.0	96021	0.05	0.0	
ENDTRNS	
TRNS	INVOICE	01/03/2022	Truck: 154wram/t	Accounts Receivable	154	0	96022	
SPL	INVOICE	01/03/2022	H2	Sales Income	154	0.0	96022	0.14	0.0	
ENDTRNS	
TRNS	INVOICE	01/03/2022	Truck: 154car	Accounts Receivable	154	0	96023	
SPL	INVOICE	01/03/2022	H2	Sales Income	154	0.0	96023	0.04	0.0	
ENDTRNS	
TRNS	INVOICE	01/03/2022	Truck: 154ttun	Accounts Receivable	154	0	96024	
SPL	INVOICE	01/03/2022	I-2	Sales Income	154	0.0	96024	0.13	0.0	
ENDTRNS	
TRNS	INVOICE	01/03/2022	Truck: 154bram	Accounts Receivable	154	0	96025	
SPL	INVOICE	01/03/2022	H2	Sales Income	154	0.0	96025	0.09	0.0	
ENDTRNS	
TRNS	INVOICE	01/03/2022	Truck: 154harr	Accounts Receivable	154	0	96026	
SPL	INVOICE	01/03/2022	H2	Sales Income	154	0.0	96026	0.11	0.0	
ENDTRNS	
TRNS	INVOICE	01/04/2022	Truck: CoH2	Accounts Receivable	154	0	96027	
SPL	INVOICE	01/04/2022	I-2	Sales Income	154	0.0	96027	0.7	0.0	
ENDTRNS	
TRNS	INVOICE	01/04/2022	Truck: 1001JCGCOM	Accounts Receivable	240	124.49	96028	
SPL	INVOICE	01/04/2022	H1	Sales Income	240	-124.49	96028	2.73	45.6	
ENDTRNS	
TRNS	INVOICE	01/04/2022	Truck: outdoor	Accounts Receivable	236	43.32	96029	
SPL	INVOICE	01/04/2022	DC	Sales Income	236	-43.32	96029	0.95	45.6	
ENDTRNS	
TRNS	INVOICE	01/04/2022	Truck: 154bf250	Accounts Receivable	154	0	96030	
SPL	INVOICE	01/04/2022	H2	Sales Income	154	0.0	96030	0.11	0.0	
ENDTRNS	
TRNS	INVOICE	01/04/2022	Truck: 154wsuv	Accounts Receivable	154	0	96031	
SPL	INVOICE	01/04/2022	H2	Sales Income	154	0.0	96031	0.05	0.0	
ENDTRNS	
TRNS	INVOICE	01/04/2022	Truck: 154bram	Accounts Receivable	154	0	96032	
SPL	INVOICE	01/04/2022	H2	Sales Income	154	0.0	96032	0.24	0.0	
ENDTRNS	
TRNS	INVOICE	01/04/2022	Truck: 154wf150	Accounts Receivable	154	0	96033	
SPL	INVOICE	01/04/2022	H2	Sales Income	154	0.0	96033	0.19	0.0	
ENDTRNS	
TRNS	INVOICE	01/04/2022	Truck: 154sdest/	Accounts Receivable	182	25.08	96034	
SPL	INVOICE	01/04/2022	DC	Sales Income	182	-25.08	96034	0.55	45.6	
ENDTRNS	
TRNS	INVOICE	01/04/2022	Truck: 154suv	Accounts Receivable	154	0	96035	
SPL	INVOICE	01/04/2022	H2	Sales Income	154	0.0	96035	0.01	0.0	
ENDTRNS	
TRNS	INVOICE	01/04/2022	Truck: 1001CAL30	Accounts Receivable	240	55.63	96036	
SPL	INVOICE	01/04/2022	H1	Sales Income	240	-55.63	96036	1.22	45.6	
ENDTRNS	
TRNS	INVOICE	01/04/2022	Truck: 154bjeep/t	Accounts Receivable	154	0	96037	
SPL	INVOICE	01/04/2022	H2	Sales Income	154	0.0	96037	0.18	0.0	
ENDTRNS	
TRNS	INVOICE	01/04/2022	Truck: 154bc1500	Accounts Receivable	154	0	96038	
SPL	INVOICE	01/04/2022	H2	Sales Income	154	0.0	96038	0.2	0.0	
ENDTRNS	
TRNS	INVOICE	01/04/2022	Truck: 154wsuv/t	Accounts Receivable	154	10.94	96039	
SPL	INVOICE	01/04/2022	H2	Sales Income	154	-10.94	96039	0.24	45.58	
ENDTRNS	
TRNS	INVOICE	01/04/2022	Truck: 2679	Accounts Receivable	173	0	96040	
SPL	INVOICE	01/04/2022	H-3	Sales Income	173	0.0	96040	31.14	0.0	
ENDTRNS	
TRNS	INVOICE	01/04/2022	Truck: 154bf450/t	Accounts Receivable	154	0	96041	
SPL	INVOICE	01/04/2022	H2	Sales Income	154	0.0	96041	0.26	0.0	
ENDTRNS	
TRNS	INVOICE	01/04/2022	Truck: 154bcsilve	Accounts Receivable	154	0	96042	
SPL	INVOICE	01/04/2022	H2	Sales Income	154	0.0	96042	0.14	0.0	
ENDTRNS	
TRNS	INVOICE	01/04/2022	Truck: 1923	Accounts Receivable	162	0	96043	
SPL	INVOICE	01/04/2022	H-2	Sales Income	162	0.0	96043	6.2	0.0	
ENDTRNS	
TRNS	INVOICE	01/04/2022	Truck: 1001CAL30	Accounts Receivable	240	37.39	96044	
SPL	INVOICE	01/04/2022	H1	Sales Income	240	-37.39	96044	0.82	45.6	
ENDTRNS	
TRNS	INVOICE	01/04/2022	Truck: 1925	Accounts Receivable	162	0	96045	
SPL	INVOICE	01/04/2022	H-2	Sales Income	162	0.0	96045	7.71	0.0	
ENDTRNS	
TRNS	INVOICE	01/04/2022	Truck: 154wz71/t	Accounts Receivable	154	0	96046	
SPL	INVOICE	01/04/2022	H2	Sales Income	154	0.0	96046	1.94	0.0	
ENDTRNS	
TRNS	INVOICE	01/04/2022	Truck: 154wf250	Accounts Receivable	154	0	96047	
SPL	INVOICE	01/04/2022	H2	Sales Income	154	0.0	96047	0.12	0.0	
ENDTRNS	
TRNS	INVOICE	01/04/2022	Truck: 154wf150	Accounts Receivable	154	0	96048	
SPL	INVOICE	01/04/2022	H2	Sales Income	154	0.0	96048	0.11	0.0	
ENDTRNS	
TRNS	INVOICE	01/04/2022	Truck: 1924	Accounts Receivable	162	0	96049	
SPL	INVOICE	01/04/2022	H-2	Sales Income	162	0.0	96049	6.42	0.0	
ENDTRNS	
TRNS	INVOICE	01/04/2022	Truck: 182davis	Accounts Receivable	182	20.98	96050	
SPL	INVOICE	01/04/2022	DC	Sales Income	182	-20.98	96050	0.46	45.61	
ENDTRNS	
TRNS	INVOICE	01/04/2022	Truck: 154bch	Accounts Receivable	154	0	96051	
SPL	INVOICE	01/04/2022	H2	Sales Income	154	0.0	96051	0.1	0.0	
ENDTRNS	
TRNS	INVOICE	01/04/2022	Truck: 154rc1500	Accounts Receivable	154	0	96052	
SPL	INVOICE	01/04/2022	H2	Sales Income	154	0.0	96052	0.05	0.0	
ENDTRNS	
TRNS	INVOICE	01/04/2022	Truck: 154wtund	Accounts Receivable	154	0	96053	
SPL	INVOICE	01/04/2022	H2	Sales Income	154	0.0	96053	0.1	0.0	
ENDTRNS	
TRNS	INVOICE	01/04/2022	Truck: 154tc3500	Accounts Receivable	154	0	96054	
SPL	INVOICE	01/04/2022	H2	Sales Income	154	0.0	96054	0.08	0.0	
ENDTRNS	
TRNS	INVOICE	01/04/2022	Truck: 1905	Accounts Receivable	162	0	96055	
SPL	INVOICE	01/04/2022	H-2	Sales Income	162	0.0	96055	9.03	0.0	
ENDTRNS	
TRNS	INVOICE	01/04/2022	Truck: Renne's 94	Accounts Receivable	194	22.8	96056	
SPL	INVOICE	01/04/2022	H1	Sales Income	194	-22.8	96056	0.5	45.6	
ENDTRNS	
TRNS	INVOICE	01/04/2022	Truck: 182davis	Accounts Receivable	182	25.99	96057	
SPL	INVOICE	01/04/2022	DC	Sales Income	182	-25.99	96057	0.57	45.6	
ENDTRNS	
TRNS	INVOICE	01/04/2022	Truck: 154bram	Accounts Receivable	154	0	96058	
SPL	INVOICE	01/04/2022	H2	Sales Income	154	0.0	96058	0.09	0.0	
ENDTRNS	
TRNS	INVOICE	01/04/2022	Truck: 154orran	Accounts Receivable	154	0	96059	
SPL	INVOICE	01/04/2022	H2	Sales Income	154	0.0	96059	0.03	0.0	
ENDTRNS	
TRNS	INVOICE	01/04/2022	Truck: 1907	Accounts Receivable	162	0	96060	
SPL	INVOICE	01/04/2022	H-2	Sales Income	162	0.0	96060	10.77	0.0	
ENDTRNS	
TRNS	INVOICE	01/04/2022	Truck: 154mtund/t	Accounts Receivable	154	0	96061	
SPL	INVOICE	01/04/2022	I-2	Sales Income	154	0.0	96061	0.84	0.0	
ENDTRNS	
TRNS	INVOICE	01/04/2022	Truck: 154yram/t	Accounts Receivable	154	0	96062	
SPL	INVOICE	01/04/2022	I-2	Sales Income	154	0.0	96062	0.33	0.0	
ENDTRNS	
TRNS	INVOICE	01/04/2022	Truck: CoH2	Accounts Receivable	154	0	96063	
SPL	INVOICE	01/04/2022	I-2	Sales Income	154	0.0	96063	0.48	0.0	
ENDTRNS	
TRNS	INVOICE	01/04/2022	Truck: 154wsuv/t	Accounts Receivable	154	0	96064	
SPL	INVOICE	01/04/2022	I-2	Sales Income	154	0.0	96064	0.08	0.0	
ENDTRNS	
TRNS	INVOICE	01/04/2022	Truck: 1924	Accounts Receivable	162	0	96065	
SPL	INVOICE	01/04/2022	H-2	Sales Income	162	0.0	96065	1.81	0.0	
ENDTRNS	
TRNS	INVOICE	01/04/2022	Truck: 154rram	Accounts Receivable	182	12.31	96066	
SPL	INVOICE	01/04/2022	DC	Sales Income	182	-12.31	96066	0.27	45.59	
ENDTRNS	
TRNS	INVOICE	01/04/2022	Truck: 154t4x4	Accounts Receivable	154	0	96067	
SPL	INVOICE	01/04/2022	H2	Sales Income	154	0.0	96067	0.11	0.0	
ENDTRNS	
TRNS	INVOICE	01/04/2022	Truck: 154jeep/t	Accounts Receivable	154	0	96068	
SPL	INVOICE	01/04/2022	I-2	Sales Income	154	0.0	96068	0.1	0.0	
ENDTRNS	
TRNS	INVOICE	01/04/2022	Truck: 154wsub/t	Accounts Receivable	154	0	96069	
SPL	INVOICE	01/04/2022	H2	Sales Income	154	0.0	96069	0.42	0.0	
ENDTRNS	
TRNS	INVOICE	01/04/2022	Truck: 1925	Accounts Receivable	162	0	96070	
SPL	INVOICE	01/04/2022	H-2	Sales Income	162	0.0	96070	3.31	0.0	
ENDTRNS	
TRNS	INVOICE	01/04/2022	Truck: 154bsier	Accounts Receivable	154	0	96071	
SPL	INVOICE	01/04/2022	H2	Sales Income	154	0.0	96071	0.11	0.0	
ENDTRNS	
TRNS	INVOICE	01/04/2022	Truck: 154bf150	Accounts Receivable	154	0	96072	
SPL	INVOICE	01/04/2022	H2	Sales Income	154	0.0	96072	0.03	0.0	
ENDTRNS	
TRNS	INVOICE	01/04/2022	Truck: 154lbf150	Accounts Receivable	154	0	96073	
SPL	INVOICE	01/04/2022	H2	Sales Income	154	0.0	96073	0.03	0.0	
ENDTRNS	
TRNS	INVOICE	01/04/2022	Truck: 1923	Accounts Receivable	162	0	96074	
SPL	INVOICE	01/04/2022	H-2	Sales Income	162	0.0	96074	5.47	0.0	
ENDTRNS	
TRNS	INVOICE	01/04/2022	Truck: 154scolo	Accounts Receivable	154	0	96075	
SPL	INVOICE	01/04/2022	H2	Sales Income	154	0.0	96075	0.03	0.0	
ENDTRNS	
TRNS	INVOICE	01/04/2022	Truck: 154wf250	Accounts Receivable	154	0	96076	
SPL	INVOICE	01/04/2022	H2	Sales Income	154	0.0	96076	0.46	0.0	
ENDTRNS	
TRNS	INVOICE	01/04/2022	Truck: 154wf1504/	Accounts Receivable	154	0	96077	
SPL	INVOICE	01/04/2022	I-2	Sales Income	154	0.0	96077	0.55	0.0	
ENDTRNS	
TRNS	INVOICE	01/04/2022	Truck: 154staco	Accounts Receivable	154	0	96078	
SPL	INVOICE	01/04/2022	H2	Sales Income	154	0.0	96078	0.05	0.0	
ENDTRNS	
TRNS	INVOICE	01/04/2022	Truck: 2679	Accounts Receivable	173	0	96079	
SPL	INVOICE	01/04/2022	H-3	Sales Income	173	0.0	96079	30.78	0.0	
ENDTRNS	
TRNS	INVOICE	01/04/2022	Truck: 154wsilv	Accounts Receivable	154	0	96080	
SPL	INVOICE	01/04/2022	H2	Sales Income	154	0.0	96080	0.11	0.0	
ENDTRNS	
TRNS	INVOICE	01/04/2022	Truck: 154rtac	Accounts Receivable	154	0	96081	
SPL	INVOICE	01/04/2022	I-2	Sales Income	154	0.0	96081	0.28	0.0	
ENDTRNS	
TRNS	INVOICE	01/04/2022	Truck: 154sf150	Accounts Receivable	154	0	96082	
SPL	INVOICE	01/04/2022	I-2	Sales Income	154	0.0	96082	0.08	0.0	
ENDTRNS	
TRNS	INVOICE	01/04/2022	Truck: 154btund/t	Accounts Receivable	154	0	96083	
SPL	INVOICE	01/04/2022	I-2	Sales Income	154	0.0	96083	1.54	0.0	
ENDTRNS	
TRNS	INVOICE	01/04/2022	Truck: 182davis	Accounts Receivable	182	173.74	96084	
SPL	INVOICE	01/04/2022	DC	Sales Income	182	-173.74	96084	3.81	45.6	
ENDTRNS	
TRNS	INVOICE	01/04/2022	Truck: 154rc	Accounts Receivable	154	0	96085	
SPL	INVOICE	01/04/2022	H2	Sales Income	154	0.0	96085	0.13	0.0	
ENDTRNS	
TRNS	INVOICE	01/04/2022	Truck: 154wram	Accounts Receivable	154	0	96086	
SPL	INVOICE	01/04/2022	H2	Sales Income	154	0.0	96086	0.04	0.0	
ENDTRNS	
TRNS	INVOICE	01/04/2022	Truck: 1905	Accounts Receivable	162	0	96087	
SPL	INVOICE	01/04/2022	H-2	Sales Income	162	0.0	96087	16.58	0.0	
ENDTRNS	
TRNS	INVOICE	01/04/2022	Truck: 154wvan/t	Accounts Receivable	154	0	96088	
SPL	INVOICE	01/04/2022	H2	Sales Income	154	0.0	96088	0.1	0.0	
ENDTRNS	
TRNS	INVOICE	01/05/2022	Truck: 154wsilv/	Accounts Receivable	154	0	96089	
SPL	INVOICE	01/05/2022	H2	Sales Income	154	0.0	96089	0.27	0.0	
ENDTRNS	
TRNS	INVOICE	01/05/2022	Truck: 1001JCGCOM	Accounts Receivable	240	20.98	96090	
SPL	INVOICE	01/05/2022	H1	Sales Income	240	-20.98	96090	0.46	45.61	
ENDTRNS	
TRNS	INVOICE	01/05/2022	Truck: 238	Accounts Receivable	238	22.8	96091	
SPL	INVOICE	01/05/2022	DC	Sales Income	238	-22.8	96091	0.5	45.6	
ENDTRNS	
TRNS	INVOICE	01/05/2022	Truck: 154wc3500	Accounts Receivable	154	0	96092	
SPL	INVOICE	01/05/2022	H2	Sales Income	154	0.0	96092	0.11	0.0	
ENDTRNS	
TRNS	INVOICE	01/05/2022	Truck: 2679	Accounts Receivable	173	0	96093	
SPL	INVOICE	01/05/2022	H-3	Sales Income	173	0.0	96093	30.81	0.0	
ENDTRNS	
TRNS	INVOICE	01/05/2022	Truck: 154wtacoma	Accounts Receivable	154	0	96094	
SPL	INVOICE	01/05/2022	H2	Sales Income	154	0.0	96094	0.12	0.0	
ENDTRNS	
TRNS	INVOICE	01/05/2022	Truck: 154bram	Accounts Receivable	154	0	96095	
SPL	INVOICE	01/05/2022	H2	Sales Income	154	0.0	96095	0.01	0.0	
ENDTRNS	
TRNS	INVOICE	01/05/2022	Truck: 154gg/tr	Accounts Receivable	154	0	96096	
SPL	INVOICE	01/05/2022	H2	Sales Income	154	0.0	96096	0.66	0.0	
ENDTRNS	
TRNS	INVOICE	01/05/2022	Truck: 154wtit/t	Accounts Receivable	154	0	96097	
SPL	INVOICE	01/05/2022	H2	Sales Income	154	0.0	96097	0.26	0.0	
ENDTRNS	
TRNS	INVOICE	01/05/2022	Truck: 182davis	Accounts Receivable	182	52.9	96098	
SPL	INVOICE	01/05/2022	DC	Sales Income	182	-52.9	96098	1.16	45.6	
ENDTRNS	
TRNS	INVOICE	01/05/2022	Truck: 154bf150	Accounts Receivable	182	9.12	96099	
SPL	INVOICE	01/05/2022	DC	Sales Income	182	-9.12	96099	0.2	45.6	
ENDTRNS	
TRNS	INVOICE	01/05/2022	Truck: 1923	Accounts Receivable	162	0	96100	
SPL	INVOICE	01/05/2022	H-2	Sales Income	162	0.0	96100	6	0.0	
ENDTRNS	
TRNS	INVOICE	01/05/2022	Truck: 1001CAL30	Accounts Receivable	240	18.7	96101	
SPL	INVOICE	01/05/2022	H1	Sales Income	240	-18.7	96101	0.41	45.61	
ENDTRNS	
TRNS	INVOICE	01/05/2022	Truck: 154car	Accounts Receivable	154	0	96103	
SPL	INVOICE	01/05/2022	H2	Sales Income	154	0.0	96103	0.03	0.0	
ENDTRNS	
TRNS	INVOICE	01/05/2022	Truck: 154wc2500	Accounts Receivable	154	0	96104	
SPL	INVOICE	01/05/2022	H2	Sales Income	154	0.0	96104	0.07	0.0	
ENDTRNS	
TRNS	INVOICE	01/05/2022	Truck: 154mchev	Accounts Receivable	154	0	96105	
SPL	INVOICE	01/05/2022	H2	Sales Income	154	0.0	96105	0.11	0.0	
ENDTRNS	
TRNS	INVOICE	01/05/2022	Truck: 154wf250	Accounts Receivable	154	0	96107	
SPL	INVOICE	01/05/2022	H2	Sales Income	154	0.0	96107	0.02	0.0	
ENDTRNS	
TRNS	INVOICE	01/05/2022	Truck: 154bnis	Accounts Receivable	154	0	96108	
SPL	INVOICE	01/05/2022	H2	Sales Income	154	0.0	96108	0.08	0.0	
ENDTRNS	
TRNS	INVOICE	01/05/2022	Truck: 154mtun/t	Accounts Receivable	154	0	96109	
SPL	INVOICE	01/05/2022	I-2	Sales Income	154	0.0	96109	0.75	0.0	
ENDTRNS	
TRNS	INVOICE	01/05/2022	Truck: 154wnotfo/	Accounts Receivable	154	0	96110	
SPL	INVOICE	01/05/2022	I-2	Sales Income	154	0.0	96110	0.3	0.0	
ENDTRNS	
TRNS	INVOICE	01/05/2022	Truck: 1925	Accounts Receivable	162	0	96111	
SPL	INVOICE	01/05/2022	H-2	Sales Income	162	0.0	96111	8.37	0.0	
ENDTRNS	
TRNS	INVOICE	01/05/2022	Truck: 182wc3500/	Accounts Receivable	182	50.16	96112	
SPL	INVOICE	01/05/2022	DC	Sales Income	182	-50.16	96112	1.1	45.6	
ENDTRNS	
TRNS	INVOICE	01/05/2022	Truck: 154bram	Accounts Receivable	154	0	96113	
SPL	INVOICE	01/05/2022	H2	Sales Income	154	0.0	96113	0.02	0.0	
ENDTRNS	
TRNS	INVOICE	01/05/2022	Truck: 154tund/t	Accounts Receivable	154	0	96114	
SPL	INVOICE	01/05/2022	H2	Sales Income	154	0.0	96114	0.34	0.0	
ENDTRNS	
TRNS	INVOICE	01/05/2022	Truck: 154wram	Accounts Receivable	154	0	96115	
SPL	INVOICE	01/05/2022	H2	Sales Income	154	0.0	96115	0.02	0.0	
ENDTRNS	
TRNS	INVOICE	01/05/2022	Truck: 2679	Accounts Receivable	173	0	96116	
SPL	INVOICE	01/05/2022	H-3	Sales Income	173	0.0	96116	31.51	0.0	
ENDTRNS	
TRNS	INVOICE	01/05/2022	Truck: 154suv	Accounts Receivable	154	0	96117	
SPL	INVOICE	01/05/2022	H2	Sales Income	154	0.0	96117	0.02	0.0	
ENDTRNS	
TRNS	INVOICE	01/05/2022	Truck: 154wcz71	Accounts Receivable	154	0	96118	
SPL	INVOICE	01/05/2022	H2	Sales Income	154	0.0	96118	0.05	0.0	
ENDTRNS	
TRNS	INVOICE	01/05/2022	Truck: 1905	Accounts Receivable	162	0	96119	
SPL	INVOICE	01/05/2022	H-2	Sales Income	162	0.0	96119	7.98	0.0	
ENDTRNS	
TRNS	INVOICE	01/05/2022	Truck: 182patrio/	Accounts Receivable	182	41.04	96120	
SPL	INVOICE	01/05/2022	DC	Sales Income	182	-41.04	96120	0.9	45.6	
ENDTRNS	
TRNS	INVOICE	01/05/2022	Truck: 154bccolo	Accounts Receivable	154	0	96121	
SPL	INVOICE	01/05/2022	H2	Sales Income	154	0.0	96121	0.14	0.0	
ENDTRNS	
TRNS	INVOICE	01/05/2022	Truck: 154bccolor	Accounts Receivable	154	0	96122	
SPL	INVOICE	01/05/2022	H2	Sales Income	154	0.0	96122	0.08	0.0	
ENDTRNS	
TRNS	INVOICE	01/05/2022	Truck: 154bsil/tr	Accounts Receivable	154	0	96123	
SPL	INVOICE	01/05/2022	H2	Sales Income	154	0.0	96123	0.62	0.0	
ENDTRNS	
TRNS	INVOICE	01/05/2022	Truck: 154r8300/	Accounts Receivable	154	0	96124	
SPL	INVOICE	01/05/2022	H2	Sales Income	154	0.0	96124	0.07	0.0	
ENDTRNS	
TRNS	INVOICE	01/05/2022	Truck: CoH2	Accounts Receivable	154	0	96125	
SPL	INVOICE	01/05/2022	I-2	Sales Income	154	0.0	96125	0.24	0.0	
ENDTRNS	
TRNS	INVOICE	01/05/2022	Truck: 154bf250/t	Accounts Receivable	154	0	96126	
SPL	INVOICE	01/05/2022	H2	Sales Income	154	0.0	96126	0.51	0.0	
ENDTRNS	
TRNS	INVOICE	01/05/2022	Truck: 154stac	Accounts Receivable	154	0	96127	
SPL	INVOICE	01/05/2022	I-2	Sales Income	154	0.0	96127	0.05	0.0	
ENDTRNS	
TRNS	INVOICE	01/05/2022	Truck: 1907	Accounts Receivable	162	0	96128	
SPL	INVOICE	01/05/2022	H-2	Sales Income	162	0.0	96128	10.19	0.0	
ENDTRNS	
TRNS	INVOICE	01/05/2022	Truck: 1925	Accounts Receivable	162	0	96129	
SPL	INVOICE	01/05/2022	H-2	Sales Income	162	0.0	96129	2.49	0.0	
ENDTRNS	
TRNS	INVOICE	01/05/2022	Truck: ABC	Accounts Receivable	243	0	96130	
SPL	INVOICE	01/05/2022	H-4	Sales Income	243	0.0	96130	8.97	0.0	
ENDTRNS	
TRNS	INVOICE	01/05/2022	Truck: 154wf150	Accounts Receivable	154	0	96131	
SPL	INVOICE	01/05/2022	H2	Sales Income	154	0.0	96131	0.11	0.0	
ENDTRNS	
TRNS	INVOICE	01/05/2022	Truck: 154tf150	Accounts Receivable	154	0	96132	
SPL	INVOICE	01/05/2022	I-2	Sales Income	154	0.0	96132	0.04	0.0	
ENDTRNS	
TRNS	INVOICE	01/05/2022	Truck: 154tccolor	Accounts Receivable	154	0	96133	
SPL	INVOICE	01/05/2022	I-2	Sales Income	154	0.0	96133	0.12	0.0	
ENDTRNS	
TRNS	INVOICE	01/05/2022	Truck: 154ssilv	Accounts Receivable	154	0	96134	
SPL	INVOICE	01/05/2022	H2	Sales Income	154	0.0	96134	0.03	0.0	
ENDTRNS	
TRNS	INVOICE	01/05/2022	Truck: 1923	Accounts Receivable	162	0	96135	
SPL	INVOICE	01/05/2022	H-2	Sales Income	162	0.0	96135	6.29	0.0	
ENDTRNS	
TRNS	INVOICE	01/05/2022	Truck: 1924	Accounts Receivable	162	0	96136	
SPL	INVOICE	01/05/2022	H-2	Sales Income	162	0.0	96136	7.05	0.0	
ENDTRNS	
TRNS	INVOICE	01/05/2022	Truck: 154btund	Accounts Receivable	154	0	96137	
SPL	INVOICE	01/05/2022	H2	Sales Income	154	0.0	96137	0.05	0.0	
ENDTRNS	
TRNS	INVOICE	01/05/2022	Truck: 154rch/t	Accounts Receivable	154	0	96139	
SPL	INVOICE	01/05/2022	H2	Sales Income	154	0.0	96139	0.38	0.0	
ENDTRNS	
TRNS	INVOICE	01/05/2022	Truck: 154gsil	Accounts Receivable	154	0	96140	
SPL	INVOICE	01/05/2022	H2	Sales Income	154	0.0	96140	0.15	0.0	
ENDTRNS	
TRNS	INVOICE	01/05/2022	Truck: 154wcad/tr	Accounts Receivable	154	0	96141	
SPL	INVOICE	01/05/2022	I-2	Sales Income	154	0.0	96141	0.19	0.0	
ENDTRNS	
TRNS	INVOICE	01/05/2022	Truck: 1906	Accounts Receivable	162	0	96142	
SPL	INVOICE	01/05/2022	H-2	Sales Income	162	0.0	96142	11.02	0.0	
ENDTRNS	
TRNS	INVOICE	01/05/2022	Truck: 154wrang	Accounts Receivable	154	11.4	96143	
SPL	INVOICE	01/05/2022	H2	Sales Income	154	-11.4	96143	0.25	45.6	
ENDTRNS	
TRNS	INVOICE	01/05/2022	Truck: 154bc/t	Accounts Receivable	154	0	96144	
SPL	INVOICE	01/05/2022	H2	Sales Income	154	0.0	96144	0.44	0.0	
ENDTRNS	
TRNS	INVOICE	01/05/2022	Truck: 154rf150	Accounts Receivable	154	0	96145	
SPL	INVOICE	01/05/2022	H2	Sales Income	154	0.0	96145	0.13	0.0	
ENDTRNS	
TRNS	INVOICE	01/05/2022	Truck: 154bram	Accounts Receivable	154	0	96146	
SPL	INVOICE	01/05/2022	W-2 (White Goods)	Sales Income	154	0.0	96146	0.07	0.0	
ENDTRNS	
TRNS	INVOICE	01/05/2022	Truck: 154wtund	Accounts Receivable	154	0	96147	
SPL	INVOICE	01/05/2022	W-1 (White Goods )	Sales Income	154	0.0	96147	0	0.0	
ENDTRNS	
TRNS	INVOICE	01/05/2022	Truck: 154car	Accounts Receivable	154	0	96148	
SPL	INVOICE	01/05/2022	H2	Sales Income	154	0.0	96148	0.01	0.0	
ENDTRNS	
TRNS	INVOICE	01/05/2022	Truck: 154wgmc	Accounts Receivable	154	0	96149	
SPL	INVOICE	01/05/2022	H2	Sales Income	154	0.0	96149	0.13	0.0	
ENDTRNS	
TRNS	INVOICE	01/05/2022	Truck: 154wf150/t	Accounts Receivable	154	0	96150	
SPL	INVOICE	01/05/2022	I-2	Sales Income	154	0.0	96150	0.48	0.0	
ENDTRNS	
TRNS	INVOICE	01/05/2022	Truck: 154suv	Accounts Receivable	154	0	96151	
SPL	INVOICE	01/05/2022	H2	Sales Income	154	0.0	96151	0.01	0.0	
ENDTRNS	
TRNS	INVOICE	01/05/2022	Truck: 154wf250/t	Accounts Receivable	154	0	96152	
SPL	INVOICE	01/05/2022	H2	Sales Income	154	0.0	96152	0.12	0.0	
ENDTRNS	
TRNS	INVOICE	01/05/2022	Truck: 154bsilv	Accounts Receivable	154	0	96153	
SPL	INVOICE	01/05/2022	H2	Sales Income	154	0.0	96153	0.11	0.0	
ENDTRNS	
TRNS	INVOICE	01/05/2022	Truck: 2679	Accounts Receivable	173	0	96154	
SPL	INVOICE	01/05/2022	H-3	Sales Income	173	0.0	96154	33.68	0.0	
ENDTRNS	
TRNS	INVOICE	01/05/2022	Truck: 154car	Accounts Receivable	154	0	96155	
SPL	INVOICE	01/05/2022	H2	Sales Income	154	0.0	96155	0.02	0.0	
ENDTRNS	
TRNS	INVOICE	01/06/2022	Truck: 2137	Accounts Receivable	173	0	96156	
SPL	INVOICE	01/06/2022	H-3	Sales Income	173	0.0	96156	30.37	0.0	
ENDTRNS	
TRNS	INVOICE	01/06/2022	Truck: 1706comp	Accounts Receivable	240	155.95	96157	
SPL	INVOICE	01/06/2022	H1	Sales Income	240	-155.95	96157	3.42	45.6	
ENDTRNS	
TRNS	INVOICE	01/06/2022	Truck: 154ram	Accounts Receivable	154	0	96158	
SPL	INVOICE	01/06/2022	H2	Sales Income	154	0.0	96158	0.41	0.0	
ENDTRNS	
TRNS	INVOICE	01/06/2022	Truck: 1921-C	Accounts Receivable	162	0	96159	
SPL	INVOICE	01/06/2022	H-2	Sales Income	162	0.0	96159	8.44	0.0	
ENDTRNS	
TRNS	INVOICE	01/06/2022	Truck: 238	Accounts Receivable	238	2.74	96160	
SPL	INVOICE	01/06/2022	DC	Sales Income	238	-2.74	96160	0.06	45.67	
ENDTRNS	
TRNS	INVOICE	01/06/2022	Truck: 2679	Accounts Receivable	173	0	96161	
SPL	INVOICE	01/06/2022	H-3	Sales Income	173	0.0	96161	29.41	0.0	
ENDTRNS	
TRNS	INVOICE	01/06/2022	Truck: 154tun	Accounts Receivable	154	0	96162	
SPL	INVOICE	01/06/2022	I-2	Sales Income	154	0.0	96162	0.71	0.0	
ENDTRNS	
TRNS	INVOICE	01/06/2022	Truck: 154w	Accounts Receivable	154	0	96163	
SPL	INVOICE	01/06/2022	I-2	Sales Income	154	0.0	96163	0.38	0.0	
ENDTRNS	
TRNS	INVOICE	01/06/2022	Truck: 182blu	Accounts Receivable	182	20.06	96164	
SPL	INVOICE	01/06/2022	DC	Sales Income	182	-20.06	96164	0.44	45.59	
ENDTRNS	
TRNS	INVOICE	01/06/2022	Truck: 154guy	Accounts Receivable	154	0	96165	
SPL	INVOICE	01/06/2022	H2	Sales Income	154	0.0	96165	0.04	0.0	
ENDTRNS	
TRNS	INVOICE	01/06/2022	Truck: 1706cal30	Accounts Receivable	240	5.02	96166	
SPL	INVOICE	01/06/2022	H1	Sales Income	240	-5.02	96166	0.11	45.64	
ENDTRNS	
TRNS	INVOICE	01/06/2022	Truck: 182davis	Accounts Receivable	182	18.7	96167	
SPL	INVOICE	01/06/2022	H1	Sales Income	182	-18.7	96167	0.41	45.61	
ENDTRNS	
TRNS	INVOICE	01/06/2022	Truck: 154w	Accounts Receivable	154	0	96168	
SPL	INVOICE	01/06/2022	H2	Sales Income	154	0.0	96168	0.05	0.0	
ENDTRNS	
TRNS	INVOICE	01/06/2022	Truck: 182	Accounts Receivable	120	29.64	96169	
SPL	INVOICE	01/06/2022	DC	Sales Income	120	-29.64	96169	0.65	45.6	
ENDTRNS	
TRNS	INVOICE	01/06/2022	Truck: 1921-C	Accounts Receivable	162	0	96170	
SPL	INVOICE	01/06/2022	H-2	Sales Income	162	0.0	96170	9.8	0.0	
ENDTRNS	
TRNS	INVOICE	01/06/2022	Truck: 154duel	Accounts Receivable	154	0	96171	
SPL	INVOICE	01/06/2022	H2	Sales Income	154	0.0	96171	0.23	0.0	
ENDTRNS	
TRNS	INVOICE	01/06/2022	Truck: CoH2	Accounts Receivable	154	0	96172	
SPL	INVOICE	01/06/2022	I-2	Sales Income	154	0.0	96172	0.32	0.0	
ENDTRNS	
TRNS	INVOICE	01/06/2022	Truck: 154red	Accounts Receivable	154	0	96173	
SPL	INVOICE	01/06/2022	H2	Sales Income	154	0.0	96173	0.68	0.0	
ENDTRNS	
TRNS	INVOICE	01/06/2022	Truck: 182davis	Accounts Receivable	182	18.7	96174	
SPL	INVOICE	01/06/2022	H1	Sales Income	182	-18.7	96174	0.41	45.61	
ENDTRNS	
TRNS	INVOICE	01/06/2022	Truck: 1706cal30	Accounts Receivable	240	6.84	96175	
SPL	INVOICE	01/06/2022	H1	Sales Income	240	-6.84	96175	0.15	45.6	
ENDTRNS	
TRNS	INVOICE	01/06/2022	Truck: 182bradsha	Accounts Receivable	182	194.26	96176	
SPL	INVOICE	01/06/2022	DC	Sales Income	182	-194.26	96176	4.26	45.6	
ENDTRNS	
TRNS	INVOICE	01/06/2022	Truck: 2137	Accounts Receivable	173	0	96178	
SPL	INVOICE	01/06/2022	H-3	Sales Income	173	0.0	96178	21.91	0.0	
ENDTRNS	
TRNS	INVOICE	01/06/2022	Truck: 1921-O	Accounts Receivable	162	0	96179	
SPL	INVOICE	01/06/2022	H-2	Sales Income	162	0.0	96179	2.08	0.0	
ENDTRNS	
TRNS	INVOICE	01/06/2022	Truck: 154gt	Accounts Receivable	154	0	96180	
SPL	INVOICE	01/06/2022	H2	Sales Income	154	0.0	96180	0.31	0.0	
ENDTRNS	
TRNS	INVOICE	01/06/2022	Truck: 2679	Accounts Receivable	173	0	96181	
SPL	INVOICE	01/06/2022	H-3	Sales Income	173	0.0	96181	28.97	0.0	
ENDTRNS	
TRNS	INVOICE	01/06/2022	Truck: 154toy	Accounts Receivable	154	0	96182	
SPL	INVOICE	01/06/2022	I-2	Sales Income	154	0.0	96182	1.26	0.0	
ENDTRNS	
TRNS	INVOICE	01/06/2022	Truck: 154j	Accounts Receivable	154	0	96183	
SPL	INVOICE	01/06/2022	H2	Sales Income	154	0.0	96183	0.02	0.0	
ENDTRNS	
TRNS	INVOICE	01/06/2022	Truck: 182	Accounts Receivable	182	7.3	96184	
SPL	INVOICE	01/06/2022	DC	Sales Income	182	-7.3	96184	0.16	45.62	
ENDTRNS	
TRNS	INVOICE	01/06/2022	Truck: 1706cal30	Accounts Receivable	240	7.3	96185	
SPL	INVOICE	01/06/2022	H1	Sales Income	240	-7.3	96185	0.16	45.62	
ENDTRNS	
TRNS	INVOICE	01/06/2022	Truck: 1 2 3	Accounts Receivable	154	0	96186	
SPL	INVOICE	01/06/2022	H-2	Sales Income	154	0.0	96186	1.79	0.0	
ENDTRNS	
TRNS	INVOICE	01/06/2022	Truck: 154w	Accounts Receivable	154	0	96187	
SPL	INVOICE	01/06/2022	H2	Sales Income	154	0.0	96187	0.07	0.0	
ENDTRNS	
TRNS	INVOICE	01/06/2022	Truck: 154vly	Accounts Receivable	154	0	96188	
SPL	INVOICE	01/06/2022	H2	Sales Income	154	0.0	96188	0.16	0.0	
ENDTRNS	
TRNS	INVOICE	01/06/2022	Truck: 238	Accounts Receivable	238	32.38	96189	
SPL	INVOICE	01/06/2022	DC	Sales Income	238	-32.38	96189	0.71	45.61	
ENDTRNS	
TRNS	INVOICE	01/06/2022	Truck: 154	Accounts Receivable	154	0	96190	
SPL	INVOICE	01/06/2022	H2	Sales Income	154	0.0	96190	0.11	0.0	
ENDTRNS	
TRNS	INVOICE	01/06/2022	Truck: 1921-O	Accounts Receivable	162	0	96191	
SPL	INVOICE	01/06/2022	H-2	Sales Income	162	0.0	96191	3.32	0.0	
ENDTRNS	
TRNS	INVOICE	01/06/2022	Truck: 154	Accounts Receivable	154	0	96192	
SPL	INVOICE	01/06/2022	H2	Sales Income	154	0.0	96192	0.06	0.0	
ENDTRNS	
TRNS	INVOICE	01/06/2022	Truck: 1923	Accounts Receivable	162	0	96193	
SPL	INVOICE	01/06/2022	H-2	Sales Income	162	0.0	96193	9.66	0.0	
ENDTRNS	
TRNS	INVOICE	01/06/2022	Truck: 1906	Accounts Receivable	162	0	96194	
SPL	INVOICE	01/06/2022	H-2	Sales Income	162	0.0	96194	8.37	0.0	
ENDTRNS	
TRNS	INVOICE	01/06/2022	Truck: 1905	Accounts Receivable	162	0	96195	
SPL	INVOICE	01/06/2022	H-2	Sales Income	162	0.0	96195	8.15	0.0	
ENDTRNS	
TRNS	INVOICE	01/06/2022	Truck: 1925	Accounts Receivable	162	0	96196	
SPL	INVOICE	01/06/2022	H-2	Sales Income	162	0.0	96196	8.36	0.0	
ENDTRNS	
TRNS	INVOICE	01/06/2022	Truck: 1706cal30	Accounts Receivable	240	4.56	96197	
SPL	INVOICE	01/06/2022	H1	Sales Income	240	-4.56	96197	0.1	45.6	
ENDTRNS	
TRNS	INVOICE	01/06/2022	Truck: 154vly	Accounts Receivable	154	0	96198	
SPL	INVOICE	01/06/2022	H2	Sales Income	154	0.0	96198	0.11	0.0	
ENDTRNS	
TRNS	INVOICE	01/06/2022	Truck: 1921-I	Accounts Receivable	162	0	96199	
SPL	INVOICE	01/06/2022	H2	Sales Income	162	0.0	96199	0.57	0.0	
ENDTRNS	
TRNS	INVOICE	01/06/2022	Truck: 182davis	Accounts Receivable	182	9.58	96200	
SPL	INVOICE	01/06/2022	H1	Sales Income	182	-9.58	96200	0.21	45.62	
ENDTRNS	
TRNS	INVOICE	01/06/2022	Truck: 154red	Accounts Receivable	154	0	96201	
SPL	INVOICE	01/06/2022	H2	Sales Income	154	0.0	96201	0.19	0.0	
ENDTRNS	
TRNS	INVOICE	01/06/2022	Truck: 154titan	Accounts Receivable	154	0	96202	
SPL	INVOICE	01/06/2022	I-2	Sales Income	154	0.0	96202	0.17	0.0	
ENDTRNS	
TRNS	INVOICE	01/06/2022	Truck: 154toy	Accounts Receivable	154	0	96203	
SPL	INVOICE	01/06/2022	H2	Sales Income	154	0.0	96203	0.21	0.0	
ENDTRNS	
TRNS	INVOICE	01/06/2022	Truck: 1907	Accounts Receivable	162	0	96204	
SPL	INVOICE	01/06/2022	H-2	Sales Income	162	0.0	96204	8.72	0.0	
ENDTRNS	
TRNS	INVOICE	01/06/2022	Truck: 154che	Accounts Receivable	154	0	96206	
SPL	INVOICE	01/06/2022	H2	Sales Income	154	0.0	96206	0.26	0.0	
ENDTRNS	
TRNS	INVOICE	01/06/2022	Truck: 154wche	Accounts Receivable	154	0	96207	
SPL	INVOICE	01/06/2022	I-2	Sales Income	154	0.0	96207	0.41	0.0	
ENDTRNS	
TRNS	INVOICE	01/06/2022	Truck: 154gtun	Accounts Receivable	154	0	96208	
SPL	INVOICE	01/06/2022	H2	Sales Income	154	0.0	96208	0.05	0.0	
ENDTRNS	
TRNS	INVOICE	01/06/2022	Truck: 154burnis	Accounts Receivable	154	0	96209	
SPL	INVOICE	01/06/2022	H2	Sales Income	154	0.0	96209	0.29	0.0	
ENDTRNS	
TRNS	INVOICE	01/06/2022	Truck: 154blk250	Accounts Receivable	154	0	96211	
SPL	INVOICE	01/06/2022	H2	Sales Income	154	0.0	96211	0.17	0.0	
ENDTRNS	
TRNS	INVOICE	01/06/2022	Truck: 182sil	Accounts Receivable	182	10.03	96212	
SPL	INVOICE	01/06/2022	DC	Sales Income	182	-10.03	96212	0.22	45.59	
ENDTRNS	
TRNS	INVOICE	01/06/2022	Truck: 2679	Accounts Receivable	173	0	96213	
SPL	INVOICE	01/06/2022	H-3	Sales Income	173	0.0	96213	23.32	0.0	
ENDTRNS	
TRNS	INVOICE	01/06/2022	Truck: 154w150	Accounts Receivable	154	0	96214	
SPL	INVOICE	01/06/2022	H2	Sales Income	154	0.0	96214	0.52	0.0	
ENDTRNS	
TRNS	INVOICE	01/07/2022	Truck: 1706JCGcom	Accounts Receivable	240	107.16	96215	
SPL	INVOICE	01/07/2022	H1	Sales Income	240	-107.16	96215	2.35	45.6	
ENDTRNS	
TRNS	INVOICE	01/07/2022	Truck: 154sf150	Accounts Receivable	154	0	96216	
SPL	INVOICE	01/07/2022	H2	Sales Income	154	0.0	96216	0.05	0.0	
ENDTRNS	
TRNS	INVOICE	01/07/2022	Truck: 1921-O	Accounts Receivable	162	0	96217	
SPL	INVOICE	01/07/2022	H-2	Sales Income	162	0.0	96217	1.55	0.0	
ENDTRNS	
TRNS	INVOICE	01/07/2022	Truck: 1706JCG20	Accounts Receivable	240	46.51	96218	
SPL	INVOICE	01/07/2022	H1	Sales Income	240	-46.51	96218	1.02	45.6	
ENDTRNS	
TRNS	INVOICE	01/07/2022	Truck: 2679	Accounts Receivable	173	0	96219	
SPL	INVOICE	01/07/2022	H-3	Sales Income	173	0.0	96219	25.81	0.0	
ENDTRNS	
TRNS	INVOICE	01/07/2022	Truck: 154bf150	Accounts Receivable	154	0	96220	
SPL	INVOICE	01/07/2022	H2	Sales Income	154	0.0	96220	0.07	0.0	
ENDTRNS	
TRNS	INVOICE	01/07/2022	Truck: 154bvan/t	Accounts Receivable	154	0	96221	
SPL	INVOICE	01/07/2022	H2	Sales Income	154	0.0	96221	0.39	0.0	
ENDTRNS	
TRNS	INVOICE	01/07/2022	Truck: 154bcsil	Accounts Receivable	154	0	96222	
SPL	INVOICE	01/07/2022	H2	Sales Income	154	0.0	96222	0.02	0.0	
ENDTRNS	
TRNS	INVOICE	01/07/2022	Truck: 154rf150/t	Accounts Receivable	154	0	96223	
SPL	INVOICE	01/07/2022	H2	Sales Income	154	0.0	96223	0.23	0.0	
ENDTRNS	
TRNS	INVOICE	01/07/2022	Truck: 154bf350/t	Accounts Receivable	182	24.17	96224	
SPL	INVOICE	01/07/2022	H1	Sales Income	182	-24.17	96224	0.53	45.6	
ENDTRNS	
TRNS	INVOICE	01/07/2022	Truck: 1921-C	Accounts Receivable	162	0	96225	
SPL	INVOICE	01/07/2022	H-2	Sales Income	162	0.0	96225	9.68	0.0	
ENDTRNS	
TRNS	INVOICE	01/07/2022	Truck: 182struct	Accounts Receivable	182	52.9	96226	
SPL	INVOICE	01/07/2022	DC	Sales Income	182	-52.9	96226	1.16	45.6	
ENDTRNS	
TRNS	INVOICE	01/07/2022	Truck: 154bf250	Accounts Receivable	182	5.02	96227	
SPL	INVOICE	01/07/2022	DC	Sales Income	182	-5.02	96227	0.11	45.64	
ENDTRNS	
TRNS	INVOICE	01/07/2022	Truck: 154sram/t	Accounts Receivable	180	21.43	96228	
SPL	INVOICE	01/07/2022	DC	Sales Income	180	-21.43	96228	0.47	45.6	
ENDTRNS	
TRNS	INVOICE	01/07/2022	Truck: 154rtac	Accounts Receivable	154	0	96229	
SPL	INVOICE	01/07/2022	H2	Sales Income	154	0.0	96229	0.14	0.0	
ENDTRNS	
TRNS	INVOICE	01/07/2022	Truck: 154gf150	Accounts Receivable	154	0	96230	
SPL	INVOICE	01/07/2022	H2	Sales Income	154	0.0	96230	0.16	0.0	
ENDTRNS	
TRNS	INVOICE	01/07/2022	Truck: 154srang	Accounts Receivable	154	0	96231	
SPL	INVOICE	01/07/2022	H2	Sales Income	154	0.0	96231	0.11	0.0	
ENDTRNS	
TRNS	INVOICE	01/07/2022	Truck: 154bf150	Accounts Receivable	154	0	96232	
SPL	INVOICE	01/07/2022	I-2	Sales Income	154	0.0	96232	0.17	0.0	
ENDTRNS	
TRNS	INVOICE	01/07/2022	Truck: 154ssier	Accounts Receivable	154	0	96233	
SPL	INVOICE	01/07/2022	H2	Sales Income	154	0.0	96233	0.12	0.0	
ENDTRNS	
TRNS	INVOICE	01/07/2022	Truck: 154rram	Accounts Receivable	154	0	96234	
SPL	INVOICE	01/07/2022	I-2	Sales Income	154	0.0	96234	0.15	0.0	
ENDTRNS	
TRNS	INVOICE	01/07/2022	Truck: Renne's 94	Accounts Receivable	194	20.98	96235	
SPL	INVOICE	01/07/2022	H1	Sales Income	194	-20.98	96235	0.46	45.61	
ENDTRNS	
TRNS	INVOICE	01/07/2022	Truck: 1921-O	Accounts Receivable	162	0	96236	
SPL	INVOICE	01/07/2022	H-2	Sales Income	162	0.0	96236	3.07	0.0	
ENDTRNS	
TRNS	INVOICE	01/07/2022	Truck: 154wf250	Accounts Receivable	154	0	96237	
SPL	INVOICE	01/07/2022	H2	Sales Income	154	0.0	96237	0.03	0.0	
ENDTRNS	
TRNS	INVOICE	01/07/2022	Truck: 154wccolor	Accounts Receivable	154	0	96238	
SPL	INVOICE	01/07/2022	H2	Sales Income	154	0.0	96238	0.05	0.0	
ENDTRNS	
TRNS	INVOICE	01/07/2022	Truck: 154car	Accounts Receivable	154	0	96239	
SPL	INVOICE	01/07/2022	H2	Sales Income	154	0.0	96239	0.06	0.0	
ENDTRNS	
TRNS	INVOICE	01/07/2022	Truck: 154scsil	Accounts Receivable	154	0	96240	
SPL	INVOICE	01/07/2022	H2	Sales Income	154	0.0	96240	0.04	0.0	
ENDTRNS	
TRNS	INVOICE	01/07/2022	Truck: 154rrang'	Accounts Receivable	154	0	96241	
SPL	INVOICE	01/07/2022	H2	Sales Income	154	0.0	96241	0.03	0.0	
ENDTRNS	
TRNS	INVOICE	01/07/2022	Truck: 154bf150/t	Accounts Receivable	154	0	96242	
SPL	INVOICE	01/07/2022	I-2	Sales Income	154	0.0	96242	0.12	0.0	
ENDTRNS	
TRNS	INVOICE	01/07/2022	Truck: 154bf250/t	Accounts Receivable	120	30.55	96243	
SPL	INVOICE	01/07/2022	DC	Sales Income	120	-30.55	96243	0.67	45.6	
ENDTRNS	
TRNS	INVOICE	01/07/2022	Truck: 154mcsilve	Accounts Receivable	154	0	96244	
SPL	INVOICE	01/07/2022	H2	Sales Income	154	0.0	96244	0.08	0.0	
ENDTRNS	
TRNS	INVOICE	01/07/2022	Truck: 1925	Accounts Receivable	162	0	96245	
SPL	INVOICE	01/07/2022	H-2	Sales Income	162	0.0	96245	6.04	0.0	
ENDTRNS	
TRNS	INVOICE	01/07/2022	Truck: 238	Accounts Receivable	238	57	96246	
SPL	INVOICE	01/07/2022	DC	Sales Income	238	-57.0	96246	1.25	45.6	
ENDTRNS	
TRNS	INVOICE	01/07/2022	Truck: 2679	Accounts Receivable	173	0	96247	
SPL	INVOICE	01/07/2022	H-3	Sales Income	173	0.0	96247	29.07	0.0	
ENDTRNS	
TRNS	INVOICE	01/07/2022	Truck: 154bram	Accounts Receivable	154	0	96248	
SPL	INVOICE	01/07/2022	H2	Sales Income	154	0.0	96248	0.09	0.0	
ENDTRNS	
TRNS	INVOICE	01/07/2022	Truck: 1923	Accounts Receivable	162	0	96249	
SPL	INVOICE	01/07/2022	H-2	Sales Income	162	0.0	96249	8.56	0.0	
ENDTRNS	
TRNS	INVOICE	01/07/2022	Truck: 1921-O	Accounts Receivable	162	0	96250	
SPL	INVOICE	01/07/2022	H-2	Sales Income	162	0.0	96250	3.69	0.0	
ENDTRNS	
TRNS	INVOICE	01/07/2022	Truck: 154wf150/t	Accounts Receivable	154	0	96251	
SPL	INVOICE	01/07/2022	H2	Sales Income	154	0.0	96251	0.76	0.0	
ENDTRNS	
TRNS	INVOICE	01/07/2022	Truck: 154mtund/t	Accounts Receivable	154	0	96252	
SPL	INVOICE	01/07/2022	I-2	Sales Income	154	0.0	96252	1.05	0.0	
ENDTRNS	
TRNS	INVOICE	01/07/2022	Truck: 1905	Accounts Receivable	162	0	96253	
SPL	INVOICE	01/07/2022	H-2	Sales Income	162	0.0	96253	7.24	0.0	
ENDTRNS	
TRNS	INVOICE	01/07/2022	Truck: 154wgmc	Accounts Receivable	154	0	96254	
SPL	INVOICE	01/07/2022	H2	Sales Income	154	0.0	96254	0.19	0.0	
ENDTRNS	
TRNS	INVOICE	01/07/2022	Truck: 1907	Accounts Receivable	162	0	96256	
SPL	INVOICE	01/07/2022	H-2	Sales Income	162	0.0	96256	7.45	0.0	
ENDTRNS	
TRNS	INVOICE	01/07/2022	Truck: 154bsuv	Accounts Receivable	154	0	96257	
SPL	INVOICE	01/07/2022	H2	Sales Income	154	0.0	96257	0.02	0.0	
ENDTRNS	
TRNS	INVOICE	01/07/2022	Truck: 154wram250	Accounts Receivable	154	0	96258	
SPL	INVOICE	01/07/2022	H2	Sales Income	154	0.0	96258	0.03	0.0	
ENDTRNS	
TRNS	INVOICE	01/07/2022	Truck: 154wcsilv/	Accounts Receivable	154	0	96259	
SPL	INVOICE	01/07/2022	H2	Sales Income	154	0.0	96259	0.29	0.0	
ENDTRNS	
TRNS	INVOICE	01/07/2022	Truck: 154bram/t	Accounts Receivable	182	46.06	96260	
SPL	INVOICE	01/07/2022	DC	Sales Income	182	-46.06	96260	1.01	45.6	
ENDTRNS	
TRNS	INVOICE	01/07/2022	Truck: 154tram	Accounts Receivable	154	0	96261	
SPL	INVOICE	01/07/2022	I-2	Sales Income	154	0.0	96261	0.37	0.0	
ENDTRNS	
TRNS	INVOICE	01/07/2022	Truck: 238	Accounts Receivable	238	197.45	96262	
SPL	INVOICE	01/07/2022	DC	Sales Income	238	-197.45	96262	4.33	45.6	
ENDTRNS	
TRNS	INVOICE	01/07/2022	Truck: 154handyma	Accounts Receivable	154	0	96263	
SPL	INVOICE	01/07/2022	H2	Sales Income	154	0.0	96263	0.04	0.0	
ENDTRNS	
TRNS	INVOICE	01/07/2022	Truck: 154bram	Accounts Receivable	154	0	96264	
SPL	INVOICE	01/07/2022	H2	Sales Income	154	0.0	96264	0.06	0.0	
ENDTRNS	
TRNS	INVOICE	01/07/2022	Truck: CoH2	Accounts Receivable	154	0	96265	
SPL	INVOICE	01/07/2022	I-2	Sales Income	154	0.0	96265	0.24	0.0	
ENDTRNS	
TRNS	INVOICE	01/07/2022	Truck: 154bf150	Accounts Receivable	154	0	96266	
SPL	INVOICE	01/07/2022	H2	Sales Income	154	0.0	96266	0.08	0.0	
ENDTRNS	
TRNS	INVOICE	01/07/2022	Truck: 154wtac	Accounts Receivable	154	0	96267	
SPL	INVOICE	01/07/2022	I-2	Sales Income	154	0.0	96267	0.32	0.0	
ENDTRNS	
TRNS	INVOICE	01/07/2022	Truck: 154msuv	Accounts Receivable	154	0	96268	
SPL	INVOICE	01/07/2022	H2	Sales Income	154	0.0	96268	0.02	0.0	
ENDTRNS	
TRNS	INVOICE	01/07/2022	Truck: 154btac	Accounts Receivable	154	0	96269	
SPL	INVOICE	01/07/2022	H2	Sales Income	154	0.0	96269	0.07	0.0	
ENDTRNS	
TRNS	INVOICE	01/07/2022	Truck: 154sf150	Accounts Receivable	154	0	96270	
SPL	INVOICE	01/07/2022	H2	Sales Income	154	0.0	96270	0.06	0.0	
ENDTRNS	
TRNS	INVOICE	01/07/2022	Truck: 154rund	Accounts Receivable	154	0	96271	
SPL	INVOICE	01/07/2022	H2	Sales Income	154	0.0	96271	0.05	0.0	
ENDTRNS	
TRNS	INVOICE	01/07/2022	Truck: 1920	Accounts Receivable	162	0	96272	
SPL	INVOICE	01/07/2022	H-2	Sales Income	162	0.0	96272	9	0.0	
ENDTRNS	
TRNS	INVOICE	01/07/2022	Truck: 154bf250/t	Accounts Receivable	154	0	96273	
SPL	INVOICE	01/07/2022	W-2 (White Goods)	Sales Income	154	0.0	96273	0.4	0.0	
ENDTRNS	
TRNS	INVOICE	01/07/2022	Truck: 154suv	Accounts Receivable	154	0	96274	
SPL	INVOICE	01/07/2022	H2	Sales Income	154	0.0	96274	0.01	0.0	
ENDTRNS	
TRNS	INVOICE	01/07/2022	Truck: 154bf150	Accounts Receivable	154	0	96275	
SPL	INVOICE	01/07/2022	H2	Sales Income	154	0.0	96275	0.09	0.0	
ENDTRNS	
TRNS	INVOICE	01/07/2022	Truck: 154btun	Accounts Receivable	154	0	96276	
SPL	INVOICE	01/07/2022	H2	Sales Income	154	0.0	96276	0.04	0.0	
ENDTRNS	
TRNS	INVOICE	01/07/2022	Truck: CoH2	Accounts Receivable	154	0	96277	
SPL	INVOICE	01/07/2022	I-2	Sales Income	154	0.0	96277	0.59	0.0	
ENDTRNS	
TRNS	INVOICE	01/07/2022	Truck: 154guyil	Accounts Receivable	154	0	96278	
SPL	INVOICE	01/07/2022	H2	Sales Income	154	0.0	96278	0.11	0.0	
ENDTRNS	
TRNS	INVOICE	01/07/2022	Truck: 2679	Accounts Receivable	173	0	96279	
SPL	INVOICE	01/07/2022	H-3	Sales Income	173	0.0	96279	32.93	0.0	
ENDTRNS	
TRNS	INVOICE	01/08/2022	Truck: 154wf150	Accounts Receivable	154	0	96280	
SPL	INVOICE	01/08/2022	H2	Sales Income	154	0.0	96280	0.09	0.0	
ENDTRNS	
TRNS	INVOICE	01/08/2022	Truck: 154bf150	Accounts Receivable	154	0	96281	
SPL	INVOICE	01/08/2022	H2	Sales Income	154	0.0	96281	0.29	0.0	
ENDTRNS	
TRNS	INVOICE	01/08/2022	Truck: 154bff150	Accounts Receivable	154	0	96282	
SPL	INVOICE	01/08/2022	H2	Sales Income	154	0.0	96282	0.16	0.0	
ENDTRNS	
TRNS	INVOICE	01/08/2022	Truck: 154stac	Accounts Receivable	154	0	96283	
SPL	INVOICE	01/08/2022	H2	Sales Income	154	0.0	96283	0.07	0.0	
ENDTRNS	
TRNS	INVOICE	01/08/2022	Truck: 154mram/	Accounts Receivable	154	0	96284	
SPL	INVOICE	01/08/2022	I-2	Sales Income	154	0.0	96284	0.34	0.0	
ENDTRNS	
TRNS	INVOICE	01/08/2022	Truck: 154rram	Accounts Receivable	154	0	96285	
SPL	INVOICE	01/08/2022	H2	Sales Income	154	0.0	96285	0.18	0.0	
ENDTRNS	
TRNS	INVOICE	01/08/2022	Truck: 154wtund	Accounts Receivable	154	0	96286	
SPL	INVOICE	01/08/2022	H2	Sales Income	154	0.0	96286	0.04	0.0	
ENDTRNS	
TRNS	INVOICE	01/08/2022	Truck: 154bcsilve	Accounts Receivable	154	0	96287	
SPL	INVOICE	01/08/2022	H2	Sales Income	154	0.0	96287	0.06	0.0	
ENDTRNS	
TRNS	INVOICE	01/08/2022	Truck: 154wd/t	Accounts Receivable	154	0	96288	
SPL	INVOICE	01/08/2022	H2	Sales Income	154	0.0	96288	0.22	0.0	
ENDTRNS	
TRNS	INVOICE	01/08/2022	Truck: 14suv	Accounts Receivable	154	0	96289	
SPL	INVOICE	01/08/2022	H2	Sales Income	154	0.0	96289	0.04	0.0	
ENDTRNS	
TRNS	INVOICE	01/08/2022	Truck: 154sf350	Accounts Receivable	154	0	96290	
SPL	INVOICE	01/08/2022	H2	Sales Income	154	0.0	96290	0.08	0.0	
ENDTRNS	
TRNS	INVOICE	01/08/2022	Truck: 154bf250	Accounts Receivable	154	0	96291	
SPL	INVOICE	01/08/2022	H2	Sales Income	154	0.0	96291	0.11	0.0	
ENDTRNS	
TRNS	INVOICE	01/08/2022	Truck: 154bcs10	Accounts Receivable	154	0	96292	
SPL	INVOICE	01/08/2022	H2	Sales Income	154	0.0	96292	0.07	0.0	
ENDTRNS	
TRNS	INVOICE	01/08/2022	Truck: 154wtac	Accounts Receivable	154	0	96293	
SPL	INVOICE	01/08/2022	I-2	Sales Income	154	0.0	96293	0.12	0.0	
ENDTRNS	
TRNS	INVOICE	01/08/2022	Truck: 154wf150	Accounts Receivable	154	0	96294	
SPL	INVOICE	01/08/2022	H2	Sales Income	154	0.0	96294	0.08	0.0	
ENDTRNS	
TRNS	INVOICE	01/08/2022	Truck: 154sf150	Accounts Receivable	154	0	96295	
SPL	INVOICE	01/08/2022	H2	Sales Income	154	0.0	96295	0.06	0.0	
ENDTRNS	
TRNS	INVOICE	01/08/2022	Truck: 154bram	Accounts Receivable	154	0	96296	
SPL	INVOICE	01/08/2022	I-2	Sales Income	154	0.0	96296	0.02	0.0	
ENDTRNS	
TRNS	INVOICE	01/08/2022	Truck: 154wgmc	Accounts Receivable	154	0	96297	
SPL	INVOICE	01/08/2022	H2	Sales Income	154	0.0	96297	0.06	0.0	
ENDTRNS	
TRNS	INVOICE	01/08/2022	Truck: 154wram350	Accounts Receivable	154	0	96298	
SPL	INVOICE	01/08/2022	H2	Sales Income	154	0.0	96298	0.89	0.0	
ENDTRNS	
TRNS	INVOICE	01/08/2022	Truck: 154wc2500	Accounts Receivable	154	0	96299	
SPL	INVOICE	01/08/2022	H2	Sales Income	154	0.0	96299	0.06	0.0	
ENDTRNS	
TRNS	INVOICE	01/08/2022	Truck: 154william	Accounts Receivable	154	0	96300	
SPL	INVOICE	01/08/2022	H2	Sales Income	154	0.0	96300	0.13	0.0	
ENDTRNS	
TRNS	INVOICE	01/08/2022	Truck: 154wf250	Accounts Receivable	154	0	96301	
SPL	INVOICE	01/08/2022	H2	Sales Income	154	0.0	96301	0.14	0.0	
ENDTRNS	
TRNS	INVOICE	01/08/2022	Truck: 154wsuv	Accounts Receivable	154	0	96302	
SPL	INVOICE	01/08/2022	H2	Sales Income	154	0.0	96302	0.15	0.0	
ENDTRNS	
TRNS	INVOICE	01/08/2022	Truck: 154bram/t	Accounts Receivable	154	0	96303	
SPL	INVOICE	01/08/2022	I-2	Sales Income	154	0.0	96303	0.11	0.0	
ENDTRNS	
TRNS	INVOICE	01/08/2022	Truck: 154wf150	Accounts Receivable	154	0	96304	
SPL	INVOICE	01/08/2022	H2	Sales Income	154	0.0	96304	0.13	0.0	
ENDTRNS	
TRNS	INVOICE	01/08/2022	Truck: 154wsuv/	Accounts Receivable	154	0	96305	
SPL	INVOICE	01/08/2022	H2	Sales Income	154	0.0	96305	0.1	0.0	
ENDTRNS	
TRNS	INVOICE	01/08/2022	Truck: 154wfxltsp	Accounts Receivable	154	0	96306	
SPL	INVOICE	01/08/2022	H2	Sales Income	154	0.0	96306	0.01	0.0	
ENDTRNS	
TRNS	INVOICE	01/08/2022	Truck: 154rram	Accounts Receivable	154	0	96307	
SPL	INVOICE	01/08/2022	H2	Sales Income	154	0.0	96307	0.17	0.0	
ENDTRNS	
TRNS	INVOICE	01/08/2022	Truck: 154bz71	Accounts Receivable	154	0	96308	
SPL	INVOICE	01/08/2022	H2	Sales Income	154	0.0	96308	0.09	0.0	
ENDTRNS	
TRNS	INVOICE	01/08/2022	Truck: 154bf150	Accounts Receivable	154	0	96309	
SPL	INVOICE	01/08/2022	H2	Sales Income	154	0.0	96309	0.03	0.0	
ENDTRNS	
TRNS	INVOICE	01/08/2022	Truck: 154tgmc	Accounts Receivable	154	0	96310	
SPL	INVOICE	01/08/2022	H2	Sales Income	154	0.0	96310	0.18	0.0	
ENDTRNS	
TRNS	INVOICE	01/08/2022	Truck: 154bsuv/t	Accounts Receivable	154	0	96311	
SPL	INVOICE	01/08/2022	H2	Sales Income	154	0.0	96311	0.27	0.0	
ENDTRNS	
TRNS	INVOICE	01/08/2022	Truck: 154tf150	Accounts Receivable	154	0	96312	
SPL	INVOICE	01/08/2022	H2	Sales Income	154	0.0	96312	0.23	0.0	
ENDTRNS	
TRNS	INVOICE	01/08/2022	Truck: 154rram/t	Accounts Receivable	154	0	96313	
SPL	INVOICE	01/08/2022	I-2	Sales Income	154	0.0	96313	0.3	0.0	
ENDTRNS	
TRNS	INVOICE	01/08/2022	Truck: 154wf150	Accounts Receivable	154	0	96315	
SPL	INVOICE	01/08/2022	H2	Sales Income	154	0.0	96315	0.02	0.0	
ENDTRNS	
TRNS	INVOICE	01/08/2022	Truck: 154btitan	Accounts Receivable	154	0	96316	
SPL	INVOICE	01/08/2022	H2	Sales Income	154	0.0	96316	0.12	0.0	
ENDTRNS	
TRNS	INVOICE	01/08/2022	Truck: 154wtund	Accounts Receivable	154	0	96317	
SPL	INVOICE	01/08/2022	H2	Sales Income	154	0.0	96317	0.05	0.0	
ENDTRNS	
TRNS	INVOICE	01/08/2022	Truck: 154wcsilv/	Accounts Receivable	154	0	96318	
SPL	INVOICE	01/08/2022	H2	Sales Income	154	0.0	96318	0.38	0.0	
ENDTRNS	
TRNS	INVOICE	01/08/2022	Truck: 154btac/t	Accounts Receivable	154	0	96319	
SPL	INVOICE	01/08/2022	H2	Sales Income	154	0.0	96319	0.33	0.0	
ENDTRNS	
TRNS	INVOICE	01/08/2022	Truck: 154bcz71/t	Accounts Receivable	182	46.51	96320	
SPL	INVOICE	01/08/2022	DC	Sales Income	182	-46.51	96320	1.02	45.6	
ENDTRNS	
TRNS	INVOICE	01/08/2022	Truck: 154wgmc	Accounts Receivable	182	5.02	96321	
SPL	INVOICE	01/08/2022	DC	Sales Income	182	-5.02	96321	0.11	45.64	
ENDTRNS	
TRNS	INVOICE	01/08/2022	Truck: 154ssil	Accounts Receivable	154	0	96323	
SPL	INVOICE	01/08/2022	H2	Sales Income	154	0.0	96323	0.15	0.0	
ENDTRNS	
TRNS	INVOICE	01/08/2022	Truck: 154ttacom/	Accounts Receivable	154	0	96324	
SPL	INVOICE	01/08/2022	H2	Sales Income	154	0.0	96324	0.15	0.0	
ENDTRNS	
TRNS	INVOICE	01/08/2022	Truck: 154bram	Accounts Receivable	154	0	96325	
SPL	INVOICE	01/08/2022	H2	Sales Income	154	0.0	96325	0.02	0.0	
ENDTRNS	
TRNS	INVOICE	01/08/2022	Truck: 154mtoyo	Accounts Receivable	154	0	96326	
SPL	INVOICE	01/08/2022	H2	Sales Income	154	0.0	96326	0.12	0.0	
ENDTRNS	
TRNS	INVOICE	01/08/2022	Truck: 154gmcsu/	Accounts Receivable	154	0	96327	
SPL	INVOICE	01/08/2022	H2	Sales Income	154	0.0	96327	0.06	0.0	
ENDTRNS	
TRNS	INVOICE	01/08/2022	Truck: 154f150	Accounts Receivable	154	0	96328	
SPL	INVOICE	01/08/2022	H2	Sales Income	154	0.0	96328	0.27	0.0	
ENDTRNS	
TRNS	INVOICE	01/08/2022	Truck: 154rcsil/t	Accounts Receivable	154	0	96329	
SPL	INVOICE	01/08/2022	I-2	Sales Income	154	0.0	96329	0.11	0.0	
ENDTRNS	
TRNS	INVOICE	01/08/2022	Truck: 154mtund	Accounts Receivable	154	0	96330	
SPL	INVOICE	01/08/2022	H2	Sales Income	154	0.0	96330	0.43	0.0	
ENDTRNS	
TRNS	INVOICE	01/08/2022	Truck: 154wf150	Accounts Receivable	154	0	96331	
SPL	INVOICE	01/08/2022	H2	Sales Income	154	0.0	96331	0.16	0.0	
ENDTRNS	
TRNS	INVOICE	01/08/2022	Truck: 154bcs10	Accounts Receivable	154	0	96332	
SPL	INVOICE	01/08/2022	I-2	Sales Income	154	0.0	96332	0.25	0.0	
ENDTRNS	
TRNS	INVOICE	01/08/2022	Truck: 154wf250/	Accounts Receivable	154	0	96333	
SPL	INVOICE	01/08/2022	H2	Sales Income	154	0.0	96333	0.13	0.0	
ENDTRNS	
TRNS	INVOICE	01/08/2022	Truck: 154sf150	Accounts Receivable	154	0	96334	
SPL	INVOICE	01/08/2022	H2	Sales Income	154	0.0	96334	0.33	0.0	
ENDTRNS	
TRNS	INVOICE	01/08/2022	Truck: 154wc2500/	Accounts Receivable	154	0	96335	
SPL	INVOICE	01/08/2022	H2	Sales Income	154	0.0	96335	0.41	0.0	
ENDTRNS	
TRNS	INVOICE	01/08/2022	Truck: 154wfran	Accounts Receivable	154	0	96336	
SPL	INVOICE	01/08/2022	H2	Sales Income	154	0.0	96336	0.07	0.0	
ENDTRNS	
TRNS	INVOICE	01/08/2022	Truck: 154gf150	Accounts Receivable	154	0	96338	
SPL	INVOICE	01/08/2022	H2	Sales Income	154	0.0	96338	0.21	0.0	
ENDTRNS	
TRNS	INVOICE	01/08/2022	Truck: 154wtili	Accounts Receivable	154	0	96340	
SPL	INVOICE	01/08/2022	H2	Sales Income	154	0.0	96340	0.17	0.0	
ENDTRNS	
TRNS	INVOICE	01/08/2022	Truck: 154bgmc	Accounts Receivable	154	0	96341	
SPL	INVOICE	01/08/2022	I-2	Sales Income	154	0.0	96341	0.08	0.0	
ENDTRNS	
TRNS	INVOICE	01/08/2022	Truck: 154bgmc/t	Accounts Receivable	154	0	96342	
SPL	INVOICE	01/08/2022	H2	Sales Income	154	0.0	96342	0.32	0.0	
ENDTRNS	
TRNS	INVOICE	01/08/2022	Truck: 154tf150	Accounts Receivable	154	0	96343	
SPL	INVOICE	01/08/2022	I-2	Sales Income	154	0.0	96343	0.07	0.0	
ENDTRNS	
TRNS	INVOICE	01/08/2022	Truck: 154bsuv/	Accounts Receivable	154	0	96344	
SPL	INVOICE	01/08/2022	H2	Sales Income	154	0.0	96344	0.43	0.0	
ENDTRNS	
TRNS	INVOICE	01/08/2022	Truck: 154wc2500	Accounts Receivable	154	0	96345	
SPL	INVOICE	01/08/2022	H2	Sales Income	154	0.0	96345	0.03	0.0	
ENDTRNS	
TRNS	INVOICE	01/08/2022	Truck: 154gc2500	Accounts Receivable	154	0	96346	
SPL	INVOICE	01/08/2022	H2	Sales Income	154	0.0	96346	0.19	0.0	
ENDTRNS	
TRNS	INVOICE	01/08/2022	Truck: 154rram	Accounts Receivable	154	0	96347	
SPL	INVOICE	01/08/2022	H2	Sales Income	154	0.0	96347	0.2	0.0	
ENDTRNS	
TRNS	INVOICE	01/08/2022	Truck: 154bccust	Accounts Receivable	154	0	96348	
SPL	INVOICE	01/08/2022	H2	Sales Income	154	0.0	96348	0.1	0.0	
ENDTRNS	
TRNS	INVOICE	01/08/2022	Truck: 154rf150	Accounts Receivable	154	0	96349	
SPL	INVOICE	01/08/2022	H2	Sales Income	154	0.0	96349	0.16	0.0	
ENDTRNS	
TRNS	INVOICE	01/08/2022	Truck: 154wvan/tr	Accounts Receivable	182	29.18	96350	
SPL	INVOICE	01/08/2022	DC	Sales Income	182	-29.18	96350	0.64	45.59	
ENDTRNS	
TRNS	INVOICE	01/08/2022	Truck: 154bf150	Accounts Receivable	154	0	96351	
SPL	INVOICE	01/08/2022	H2	Sales Income	154	0.0	96351	0.11	0.0	
ENDTRNS	
TRNS	INVOICE	01/08/2022	Truck: 154bsuv	Accounts Receivable	154	0	96352	
SPL	INVOICE	01/08/2022	H2	Sales Income	154	0.0	96352	0.06	0.0	
ENDTRNS	
TRNS	INVOICE	01/08/2022	Truck: 154btac	Accounts Receivable	154	0	96353	
SPL	INVOICE	01/08/2022	H2	Sales Income	154	0.0	96353	0.18	0.0	
ENDTRNS	
TRNS	INVOICE	01/08/2022	Truck: 154bramc	Accounts Receivable	154	0	96354	
SPL	INVOICE	01/08/2022	H2	Sales Income	154	0.0	96354	0.08	0.0	
ENDTRNS	
TRNS	INVOICE	01/08/2022	Truck: 154bcsil	Accounts Receivable	154	0	96355	
SPL	INVOICE	01/08/2022	H2	Sales Income	154	0.0	96355	0.14	0.0	
ENDTRNS	
TRNS	INVOICE	01/08/2022	Truck: 154bf150/t	Accounts Receivable	154	0	96356	
SPL	INVOICE	01/08/2022	H2	Sales Income	154	0.0	96356	0.35	0.0	
ENDTRNS	
TRNS	INVOICE	01/08/2022	Truck: 154mram	Accounts Receivable	154	0	96357	
SPL	INVOICE	01/08/2022	H2	Sales Income	154	0.0	96357	0.03	0.0	
ENDTRNS	
TRNS	INVOICE	01/08/2022	Truck: 154wf150	Accounts Receivable	154	0	96358	
SPL	INVOICE	01/08/2022	H2	Sales Income	154	0.0	96358	0.09	0.0	
ENDTRNS	
TRNS	INVOICE	01/08/2022	Truck: 154bc4x4	Accounts Receivable	154	0	96359	
SPL	INVOICE	01/08/2022	H2	Sales Income	154	0.0	96359	0.06	0.0	
ENDTRNS	
TRNS	INVOICE	01/08/2022	Truck: 154wd/t	Accounts Receivable	154	0	96360	
SPL	INVOICE	01/08/2022	H2	Sales Income	154	0.0	96360	0.77	0.0	
ENDTRNS	
TRNS	INVOICE	01/08/2022	Truck: 154car/t	Accounts Receivable	154	0	96361	
SPL	INVOICE	01/08/2022	I-2	Sales Income	154	0.0	96361	0.14	0.0	
ENDTRNS	
TRNS	INVOICE	01/08/2022	Truck: 154tgmc	Accounts Receivable	154	0	96362	
SPL	INVOICE	01/08/2022	I-2	Sales Income	154	0.0	96362	0.52	0.0	
ENDTRNS	
TRNS	INVOICE	01/08/2022	Truck: 154rf150	Accounts Receivable	154	0	96363	
SPL	INVOICE	01/08/2022	H2	Sales Income	154	0.0	96363	0.11	0.0	
ENDTRNS	
TRNS	INVOICE	01/08/2022	Truck: 154btund	Accounts Receivable	154	0	96364	
SPL	INVOICE	01/08/2022	H2	Sales Income	154	0.0	96364	0.08	0.0	
ENDTRNS	
TRNS	INVOICE	01/08/2022	Truck: 154bgmcs	Accounts Receivable	154	0	96365	
SPL	INVOICE	01/08/2022	H2	Sales Income	154	0.0	96365	0.06	0.0	
ENDTRNS	
TRNS	INVOICE	01/08/2022	Truck: 154rtac	Accounts Receivable	154	0	96366	
SPL	INVOICE	01/08/2022	I-2	Sales Income	154	0.0	96366	0.05	0.0	
ENDTRNS	
TRNS	INVOICE	01/08/2022	Truck: 154gtund	Accounts Receivable	154	0	96367	
SPL	INVOICE	01/08/2022	H2	Sales Income	154	0.0	96367	0.02	0.0	
ENDTRNS	
TRNS	INVOICE	01/08/2022	Truck: 154car/t	Accounts Receivable	154	0	96368	
SPL	INVOICE	01/08/2022	H2	Sales Income	154	0.0	96368	0.32	0.0	
ENDTRNS	
TRNS	INVOICE	01/08/2022	Truck: 154stitan	Accounts Receivable	154	0	96369	
SPL	INVOICE	01/08/2022	I-2	Sales Income	154	0.0	96369	0.52	0.0	
ENDTRNS	
TRNS	INVOICE	01/08/2022	Truck: 154bf150	Accounts Receivable	154	0	96370	
SPL	INVOICE	01/08/2022	H2	Sales Income	154	0.0	96370	0.17	0.0	
ENDTRNS	
TRNS	INVOICE	01/08/2022	Truck: 154gram/t	Accounts Receivable	154	0	96371	
SPL	INVOICE	01/08/2022	I-2	Sales Income	154	0.0	96371	0.5	0.0	
ENDTRNS	
TRNS	INVOICE	01/08/2022	Truck: 154sccp;p	Accounts Receivable	154	0	96372	
SPL	INVOICE	01/08/2022	H2	Sales Income	154	0.0	96372	0.02	0.0	
ENDTRNS	
TRNS	INVOICE	01/08/2022	Truck: 154bsuv	Accounts Receivable	154	0	96373	
SPL	INVOICE	01/08/2022	H2	Sales Income	154	0.0	96373	0.01	0.0	
ENDTRNS	
TRNS	INVOICE	01/08/2022	Truck: 154wf250	Accounts Receivable	154	0	96374	
SPL	INVOICE	01/08/2022	H2	Sales Income	154	0.0	96374	0.08	0.0	
ENDTRNS	
TRNS	INVOICE	01/08/2022	Truck: 154gc2500	Accounts Receivable	154	0	96375	
SPL	INVOICE	01/08/2022	H2	Sales Income	154	0.0	96375	0.11	0.0	
ENDTRNS	
TRNS	INVOICE	01/08/2022	Truck: 154gmaz	Accounts Receivable	154	0	96376	
SPL	INVOICE	01/08/2022	H2	Sales Income	154	0.0	96376	0.03	0.0	
ENDTRNS	
TRNS	INVOICE	01/08/2022	Truck: 154wf350/t	Accounts Receivable	154	0	96377	
SPL	INVOICE	01/08/2022	I-2	Sales Income	154	0.0	96377	3.17	0.0	
ENDTRNS	
TRNS	INVOICE	01/08/2022	Truck: 154gcsilv/	Accounts Receivable	154	0	96378	
SPL	INVOICE	01/08/2022	H2	Sales Income	154	0.0	96378	0.64	0.0	
ENDTRNS	
TRNS	INVOICE	01/08/2022	Truck: 154rram	Accounts Receivable	154	0	96379	
SPL	INVOICE	01/08/2022	H2	Sales Income	154	0.0	96379	0.2	0.0	
ENDTRNS	
TRNS	INVOICE	01/08/2022	Truck: 154ttundr'	Accounts Receivable	154	0	96380	
SPL	INVOICE	01/08/2022	H2	Sales Income	154	0.0	96380	0.08	0.0	
ENDTRNS	
TRNS	INVOICE	01/08/2022	Truck: 154bgmc	Accounts Receivable	154	0	96381	
SPL	INVOICE	01/08/2022	H2	Sales Income	154	0.0	96381	0.24	0.0	
ENDTRNS	
TRNS	INVOICE	01/08/2022	Truck: 154wsuv/t	Accounts Receivable	154	0	96382	
SPL	INVOICE	01/08/2022	H2	Sales Income	154	0.0	96382	0.07	0.0	
ENDTRNS	
TRNS	INVOICE	01/08/2022	Truck: 154rtac	Accounts Receivable	154	0	96383	
SPL	INVOICE	01/08/2022	H2	Sales Income	154	0.0	96383	0.07	0.0	
ENDTRNS	
TRNS	INVOICE	01/08/2022	Truck: 154mf150	Accounts Receivable	154	0	96384	
SPL	INVOICE	01/08/2022	H2	Sales Income	154	0.0	96384	0.09	0.0	
ENDTRNS	
TRNS	INVOICE	01/08/2022	Truck: 154ssilv	Accounts Receivable	154	0	96385	
SPL	INVOICE	01/08/2022	I-2	Sales Income	154	0.0	96385	0.08	0.0	
ENDTRNS	
TRNS	INVOICE	01/08/2022	Truck: 154wsuv	Accounts Receivable	154	0	96386	
SPL	INVOICE	01/08/2022	H2	Sales Income	154	0.0	96386	0.06	0.0	
ENDTRNS	
TRNS	INVOICE	01/08/2022	Truck: 154ssilver	Accounts Receivable	154	0	96387	
SPL	INVOICE	01/08/2022	H2	Sales Income	154	0.0	96387	0.16	0.0	
ENDTRNS	
TRNS	INVOICE	01/08/2022	Truck: 154csuv/t	Accounts Receivable	154	0	96388	
SPL	INVOICE	01/08/2022	H2	Sales Income	154	0.0	96388	0.13	0.0	
ENDTRNS	
TRNS	INVOICE	01/08/2022	Truck: 14btun/t	Accounts Receivable	154	0	96390	
SPL	INVOICE	01/08/2022	H2	Sales Income	154	0.0	96390	0.06	0.0	
ENDTRNS	
TRNS	INVOICE	01/08/2022	Truck: 154bch/tr	Accounts Receivable	154	0	96391	
SPL	INVOICE	01/08/2022	H2	Sales Income	154	0.0	96391	0.21	0.0	
ENDTRNS	
TRNS	INVOICE	01/08/2022	Truck: 154wccolor	Accounts Receivable	154	0	96392	
SPL	INVOICE	01/08/2022	H2	Sales Income	154	0.0	96392	0.11	0.0	
ENDTRNS	
TRNS	INVOICE	01/08/2022	Truck: 154bsilv	Accounts Receivable	154	0	96393	
SPL	INVOICE	01/08/2022	H2	Sales Income	154	0.0	96393	0.26	0.0	
ENDTRNS	
TRNS	INVOICE	01/08/2022	Truck: 154wf150/t	Accounts Receivable	154	0	96394	
SPL	INVOICE	01/08/2022	H2	Sales Income	154	0.0	96394	0.1	0.0	
ENDTRNS	
TRNS	INVOICE	01/08/2022	Truck: 154mtund/t	Accounts Receivable	154	0	96395	
SPL	INVOICE	01/08/2022	I-2	Sales Income	154	0.0	96395	0.41	0.0	
ENDTRNS	
TRNS	INVOICE	01/08/2022	Truck: 154bf250	Accounts Receivable	154	0	96396	
SPL	INVOICE	01/08/2022	H2	Sales Income	154	0.0	96396	0.1	0.0	
ENDTRNS	
TRNS	INVOICE	01/08/2022	Truck: 154ssuv/t	Accounts Receivable	154	0	96397	
SPL	INVOICE	01/08/2022	H2	Sales Income	154	0.0	96397	0.28	0.0	
ENDTRNS	
TRNS	INVOICE	01/08/2022	Truck: 154rsilver	Accounts Receivable	154	0	96398	
SPL	INVOICE	01/08/2022	H2	Sales Income	154	0.0	96398	0.05	0.0	
ENDTRNS	
TRNS	INVOICE	01/08/2022	Truck: 154mcolor	Accounts Receivable	154	0	96399	
SPL	INVOICE	01/08/2022	H2	Sales Income	154	0.0	96399	0.35	0.0	
ENDTRNS	
TRNS	INVOICE	01/08/2022	Truck: 154ggmc/t	Accounts Receivable	154	0	96401	
SPL	INVOICE	01/08/2022	H2	Sales Income	154	0.0	96401	0.36	0.0	
ENDTRNS	
TRNS	INVOICE	01/08/2022	Truck: 154gcolo	Accounts Receivable	154	0	96402	
SPL	INVOICE	01/08/2022	H2	Sales Income	154	0.0	96402	0.08	0.0	
ENDTRNS	
TRNS	INVOICE	01/08/2022	Truck: 154bs10/t	Accounts Receivable	154	0	96403	
SPL	INVOICE	01/08/2022	H2	Sales Income	154	0.0	96403	0.13	0.0	
ENDTRNS	
TRNS	INVOICE	01/08/2022	Truck: 154bgmc/	Accounts Receivable	154	0	96404	
SPL	INVOICE	01/08/2022	I-2	Sales Income	154	0.0	96404	1.08	0.0	
ENDTRNS	
TRNS	INVOICE	01/08/2022	Truck: 154bjeep/t	Accounts Receivable	154	0	96405	
SPL	INVOICE	01/08/2022	I-2	Sales Income	154	0.0	96405	0.1	0.0	
ENDTRNS	
TRNS	INVOICE	01/08/2022	Truck: 154gsuv/t	Accounts Receivable	182	17.78	96406	
SPL	INVOICE	01/08/2022	DC	Sales Income	182	-17.78	96406	0.39	45.59	
ENDTRNS	
TRNS	INVOICE	01/08/2022	Truck: 154tccolor	Accounts Receivable	154	0	96407	
SPL	INVOICE	01/08/2022	H2	Sales Income	154	0.0	96407	0.26	0.0	
ENDTRNS	
TRNS	INVOICE	01/08/2022	Truck: 154mf150	Accounts Receivable	154	0	96408	
SPL	INVOICE	01/08/2022	H2	Sales Income	154	0.0	96408	0.07	0.0	
ENDTRNS	
TRNS	INVOICE	01/08/2022	Truck: 154sram/t	Accounts Receivable	154	0	96409	
SPL	INVOICE	01/08/2022	H2	Sales Income	154	0.0	96409	0.21	0.0	
ENDTRNS	
TRNS	INVOICE	01/08/2022	Truck: 154bsuv	Accounts Receivable	154	0	96410	
SPL	INVOICE	01/08/2022	H2	Sales Income	154	0.0	96410	0.07	0.0	
ENDTRNS	
TRNS	INVOICE	01/10/2022	Truck: 1001JCGCOM	Accounts Receivable	240	170.54	96411	
SPL	INVOICE	01/10/2022	H1	Sales Income	240	-170.54	96411	3.74	45.6	
ENDTRNS	
TRNS	INVOICE	01/10/2022	Truck: 1921-O	Accounts Receivable	162	0	96413	
SPL	INVOICE	01/10/2022	H-2	Sales Income	162	0.0	96413	1.33	0.0	
ENDTRNS	
TRNS	INVOICE	01/10/2022	Truck: 154wutilsh	Accounts Receivable	154	0	96414	
SPL	INVOICE	01/10/2022	H2	Sales Income	154	0.0	96414	0.34	0.0	
ENDTRNS	
TRNS	INVOICE	01/10/2022	Truck: 238	Accounts Receivable	238	21.43	96415	
SPL	INVOICE	01/10/2022	DC	Sales Income	238	-21.43	96415	0.47	45.6	
ENDTRNS	
TRNS	INVOICE	01/10/2022	Truck: 154bc1500	Accounts Receivable	154	0	96416	
SPL	INVOICE	01/10/2022	H2	Sales Income	154	0.0	96416	0.05	0.0	
ENDTRNS	
TRNS	INVOICE	01/10/2022	Truck: 182outdoor	Accounts Receivable	236	0	96417	
SPL	INVOICE	01/10/2022	H2	Sales Income	236	0.0	96417	0.7	0.0	
ENDTRNS	
TRNS	INVOICE	01/10/2022	Truck: 154bram	Accounts Receivable	154	0	96418	
SPL	INVOICE	01/10/2022	H2	Sales Income	154	0.0	96418	0.05	0.0	
ENDTRNS	
TRNS	INVOICE	01/10/2022	Truck: 1921-O	Accounts Receivable	162	0	96419	
SPL	INVOICE	01/10/2022	H-2	Sales Income	162	0.0	96419	2.85	0.0	
ENDTRNS	
TRNS	INVOICE	01/10/2022	Truck: 154not4h/	Accounts Receivable	154	0	96420	
SPL	INVOICE	01/10/2022	I-2	Sales Income	154	0.0	96420	0.6	0.0	
ENDTRNS	
TRNS	INVOICE	01/10/2022	Truck: 1706cal30	Accounts Receivable	240	13.68	96421	
SPL	INVOICE	01/10/2022	H1	Sales Income	240	-13.68	96421	0.3	45.6	
ENDTRNS	
TRNS	INVOICE	01/10/2022	Truck: 154bf150	Accounts Receivable	154	0	96422	
SPL	INVOICE	01/10/2022	H2	Sales Income	154	0.0	96422	0.02	0.0	
ENDTRNS	
TRNS	INVOICE	01/10/2022	Truck: 1921-C	Accounts Receivable	162	0	96423	
SPL	INVOICE	01/10/2022	H-2	Sales Income	162	0.0	96423	10.3	0.0	
ENDTRNS	
TRNS	INVOICE	01/10/2022	Truck: 154bg150	Accounts Receivable	154	0	96424	
SPL	INVOICE	01/10/2022	H2	Sales Income	154	0.0	96424	0.04	0.0	
ENDTRNS	
TRNS	INVOICE	01/10/2022	Truck: 154wvan/	Accounts Receivable	182	13.22	96426	
SPL	INVOICE	01/10/2022	DC	Sales Income	182	-13.22	96426	0.29	45.59	
ENDTRNS	
TRNS	INVOICE	01/10/2022	Truck: 154out/	Accounts Receivable	236	0	96427	
SPL	INVOICE	01/10/2022	H2	Sales Income	236	0.0	96427	0.76	0.0	
ENDTRNS	
TRNS	INVOICE	01/10/2022	Truck: 154wf150	Accounts Receivable	154	0	96428	
SPL	INVOICE	01/10/2022	H2	Sales Income	154	0.0	96428	0.17	0.0	
ENDTRNS	
TRNS	INVOICE	01/10/2022	Truck: 1706cal30	Accounts Receivable	240	7.75	96429	
SPL	INVOICE	01/10/2022	H1	Sales Income	240	-7.75	96429	0.17	45.59	
ENDTRNS	
TRNS	INVOICE	01/10/2022	Truck: 154wcsilv/	Accounts Receivable	154	0	96430	
SPL	INVOICE	01/10/2022	H2	Sales Income	154	0.0	96430	0.25	0.0	
ENDTRNS	
TRNS	INVOICE	01/10/2022	Truck: 1925	Accounts Receivable	162	0	96431	
SPL	INVOICE	01/10/2022	H-2	Sales Income	162	0.0	96431	5.08	0.0	
ENDTRNS	
TRNS	INVOICE	01/10/2022	Truck: 154btac/tr	Accounts Receivable	154	0	96432	
SPL	INVOICE	01/10/2022	H2	Sales Income	154	0.0	96432	0.28	0.0	
ENDTRNS	
TRNS	INVOICE	01/10/2022	Truck: 154wc1500/	Accounts Receivable	154	0	96433	
SPL	INVOICE	01/10/2022	H2	Sales Income	154	0.0	96433	0.42	0.0	
ENDTRNS	
TRNS	INVOICE	01/10/2022	Truck: 154tf350	Accounts Receivable	154	0	96434	
SPL	INVOICE	01/10/2022	H2	Sales Income	154	0.0	96434	0.15	0.0	
ENDTRNS	
TRNS	INVOICE	01/10/2022	Truck: 154wmount	Accounts Receivable	182	27.82	96435	
SPL	INVOICE	01/10/2022	DC	Sales Income	182	-27.82	96435	0.61	45.61	
ENDTRNS	
TRNS	INVOICE	01/10/2022	Truck: 154bsuv/	Accounts Receivable	154	0	96436	
SPL	INVOICE	01/10/2022	H2	Sales Income	154	0.0	96436	0.34	0.0	
ENDTRNS	
TRNS	INVOICE	01/10/2022	Truck: 154rf350	Accounts Receivable	154	0	96437	
SPL	INVOICE	01/10/2022	H2	Sales Income	154	0.0	96437	0.01	0.0	
ENDTRNS	
TRNS	INVOICE	01/10/2022	Truck: 182bsilv/t	Accounts Receivable	182	37.85	96438	
SPL	INVOICE	01/10/2022	DC	Sales Income	182	-37.85	96438	0.83	45.6	
ENDTRNS	
TRNS	INVOICE	01/10/2022	Truck: 1905	Accounts Receivable	162	0	96439	
SPL	INVOICE	01/10/2022	H-2	Sales Income	162	0.0	96439	8.15	0.0	
ENDTRNS	
TRNS	INVOICE	01/10/2022	Truck: 154wf150	Accounts Receivable	154	0	96440	
SPL	INVOICE	01/10/2022	H2	Sales Income	154	0.0	96440	0.68	0.0	
ENDTRNS	
TRNS	INVOICE	01/10/2022	Truck: 154stam/	Accounts Receivable	154	0	96441	
SPL	INVOICE	01/10/2022	H2	Sales Income	154	0.0	96441	0.88	0.0	
ENDTRNS	
TRNS	INVOICE	01/10/2022	Truck: 1921-O	Accounts Receivable	162	0	96442	
SPL	INVOICE	01/10/2022	H-2	Sales Income	162	0.0	96442	2.84	0.0	
ENDTRNS	
TRNS	INVOICE	01/10/2022	Truck: 154bf350/t	Accounts Receivable	182	85.27	96443	
SPL	INVOICE	01/10/2022	DC	Sales Income	182	-85.27	96443	1.87	45.6	
ENDTRNS	
TRNS	INVOICE	01/10/2022	Truck: 154btac/t	Accounts Receivable	154	0	96444	
SPL	INVOICE	01/10/2022	H2	Sales Income	154	0.0	96444	0.11	0.0	
ENDTRNS	
TRNS	INVOICE	01/10/2022	Truck: 182gulfc	Accounts Receivable	182	41.04	96445	
SPL	INVOICE	01/10/2022	DC	Sales Income	182	-41.04	96445	0.9	45.6	
ENDTRNS	
TRNS	INVOICE	01/10/2022	Truck: 154rf350/	Accounts Receivable	154	0	96446	
SPL	INVOICE	01/10/2022	H2	Sales Income	154	0.0	96446	0.92	0.0	
ENDTRNS	
TRNS	INVOICE	01/10/2022	Truck: 154bf/t	Accounts Receivable	154	0	96447	
SPL	INVOICE	01/10/2022	W-2 (White Goods)	Sales Income	154	0.0	96447	0.25	0.0	
ENDTRNS	
TRNS	INVOICE	01/10/2022	Truck: 154bf250	Accounts Receivable	154	0	96448	
SPL	INVOICE	01/10/2022	H2	Sales Income	154	0.0	96448	0.11	0.0	
ENDTRNS	
TRNS	INVOICE	01/10/2022	Truck: 154rf150	Accounts Receivable	154	0	96449	
SPL	INVOICE	01/10/2022	H2	Sales Income	154	0.0	96449	0.04	0.0	
ENDTRNS	
TRNS	INVOICE	01/10/2022	Truck: 1 2 3	Accounts Receivable	154	0	96450	
SPL	INVOICE	01/10/2022	H-2	Sales Income	154	0.0	96450	2.22	0.0	
ENDTRNS	
TRNS	INVOICE	01/10/2022	Truck: 154wgmc350	Accounts Receivable	154	0	96451	
SPL	INVOICE	01/10/2022	H2	Sales Income	154	0.0	96451	0.2	0.0	
ENDTRNS	
TRNS	INVOICE	01/10/2022	Truck: 154w150	Accounts Receivable	154	0	96452	
SPL	INVOICE	01/10/2022	H2	Sales Income	154	0.0	96452	0.12	0.0	
ENDTRNS	
TRNS	INVOICE	01/10/2022	Truck: 154bram/	Accounts Receivable	154	0	96453	
SPL	INVOICE	01/10/2022	H2	Sales Income	154	0.0	96453	0.19	0.0	
ENDTRNS	
TRNS	INVOICE	01/10/2022	Truck: 154wc2500	Accounts Receivable	154	0	96454	
SPL	INVOICE	01/10/2022	H2	Sales Income	154	0.0	96454	0.04	0.0	
ENDTRNS	
TRNS	INVOICE	01/10/2022	Truck: 154sc3500/	Accounts Receivable	182	53.81	96455	
SPL	INVOICE	01/10/2022	DC	Sales Income	182	-53.81	96455	1.18	45.6	
ENDTRNS	
TRNS	INVOICE	01/10/2022	Truck: 1905	Accounts Receivable	162	0	96456	
SPL	INVOICE	01/10/2022	H-2	Sales Income	162	0.0	96456	3.09	0.0	
ENDTRNS	
TRNS	INVOICE	01/10/2022	Truck: 154bsier	Accounts Receivable	182	6.38	96457	
SPL	INVOICE	01/10/2022	DC	Sales Income	182	-6.38	96457	0.14	45.57	
ENDTRNS	
TRNS	INVOICE	01/10/2022	Truck: 1925	Accounts Receivable	162	0	96458	
SPL	INVOICE	01/10/2022	H-2	Sales Income	162	0.0	96458	5.72	0.0	
ENDTRNS	
TRNS	INVOICE	01/10/2022	Truck: 1923	Accounts Receivable	162	0	96459	
SPL	INVOICE	01/10/2022	H-2	Sales Income	162	0.0	96459	12.23	0.0	
ENDTRNS	
TRNS	INVOICE	01/10/2022	Truck: 154wfrang	Accounts Receivable	154	0	96460	
SPL	INVOICE	01/10/2022	H2	Sales Income	154	0.0	96460	0.03	0.0	
ENDTRNS	
TRNS	INVOICE	01/10/2022	Truck: 1907	Accounts Receivable	162	0	96461	
SPL	INVOICE	01/10/2022	H-2	Sales Income	162	0.0	96461	7.15	0.0	
ENDTRNS	
TRNS	INVOICE	01/10/2022	Truck: 154wf150	Accounts Receivable	154	0	96462	
SPL	INVOICE	01/10/2022	H2	Sales Income	154	0.0	96462	0.24	0.0	
ENDTRNS	
TRNS	INVOICE	01/10/2022	Truck: 1921-O	Accounts Receivable	162	0	96463	
SPL	INVOICE	01/10/2022	H-2	Sales Income	162	0.0	96463	2.86	0.0	
ENDTRNS	
TRNS	INVOICE	01/10/2022	Truck: 1906	Accounts Receivable	162	0	96465	
SPL	INVOICE	01/10/2022	H-2	Sales Income	162	0.0	96465	11.68	0.0	
ENDTRNS	
TRNS	INVOICE	01/10/2022	Truck: 154bf250/t	Accounts Receivable	154	0	96466	
SPL	INVOICE	01/10/2022	H2	Sales Income	154	0.0	96466	0.22	0.0	
ENDTRNS	
TRNS	INVOICE	01/10/2022	Truck: 154rf150	Accounts Receivable	154	0	96467	
SPL	INVOICE	01/10/2022	H2	Sales Income	154	0.0	96467	0.02	0.0	
ENDTRNS	
TRNS	INVOICE	01/10/2022	Truck: 154wgmcd/	Accounts Receivable	154	0	96468	
SPL	INVOICE	01/10/2022	H2	Sales Income	154	0.0	96468	0.15	0.0	
ENDTRNS	
TRNS	INVOICE	01/10/2022	Truck: 154wlawn/	Accounts Receivable	182	43.32	96470	
SPL	INVOICE	01/10/2022	DC	Sales Income	182	-43.32	96470	0.95	45.6	
ENDTRNS	
TRNS	INVOICE	01/11/2022	Truck: 1706JCGcom	Accounts Receivable	240	176.47	96471	
SPL	INVOICE	01/11/2022	H1	Sales Income	240	-176.47	96471	3.87	45.6	
ENDTRNS	
TRNS	INVOICE	01/11/2022	Truck: 154sf150	Accounts Receivable	154	0	96472	
SPL	INVOICE	01/11/2022	H2	Sales Income	154	0.0	96472	0.06	0.0	
ENDTRNS	
TRNS	INVOICE	01/11/2022	Truck: 2679	Accounts Receivable	173	0	96473	
SPL	INVOICE	01/11/2022	H-3	Sales Income	173	0.0	96473	26.79	0.0	
ENDTRNS	
TRNS	INVOICE	01/11/2022	Truck: 154bf150	Accounts Receivable	154	0	96474	
SPL	INVOICE	01/11/2022	H2	Sales Income	154	0.0	96474	0.13	0.0	
ENDTRNS	
TRNS	INVOICE	01/11/2022	Truck: 154wtund	Accounts Receivable	154	0	96475	
SPL	INVOICE	01/11/2022	H2	Sales Income	154	0.0	96475	0.05	0.0	
ENDTRNS	
TRNS	INVOICE	01/11/2022	Truck: 154bcsil/t	Accounts Receivable	182	27.82	96476	
SPL	INVOICE	01/11/2022	DC	Sales Income	182	-27.82	96476	0.61	45.61	
ENDTRNS	
TRNS	INVOICE	01/11/2022	Truck: CoH2	Accounts Receivable	154	0	96477	
SPL	INVOICE	01/11/2022	I-2	Sales Income	154	0.0	96477	0.34	0.0	
ENDTRNS	
TRNS	INVOICE	01/11/2022	Truck: 1706PmRec	Accounts Receivable	240	14.14	96479	
SPL	INVOICE	01/11/2022	H1	Sales Income	240	-14.14	96479	0.31	45.61	
ENDTRNS	
TRNS	INVOICE	01/11/2022	Truck: 154bf250	Accounts Receivable	154	0	96480	
SPL	INVOICE	01/11/2022	H2	Sales Income	154	0.0	96480	0.01	0.0	
ENDTRNS	
TRNS	INVOICE	01/11/2022	Truck: 154bc1500	Accounts Receivable	154	0	96482	
SPL	INVOICE	01/11/2022	I-2	Sales Income	154	0.0	96482	0.07	0.0	
ENDTRNS	
TRNS	INVOICE	01/11/2022	Truck: 154wf150/	Accounts Receivable	154	0	96483	
SPL	INVOICE	01/11/2022	H2	Sales Income	154	0.0	96483	1.16	0.0	
ENDTRNS	
TRNS	INVOICE	01/11/2022	Truck: 154t350	Accounts Receivable	154	0	96484	
SPL	INVOICE	01/11/2022	H2	Sales Income	154	0.0	96484	0.2	0.0	
ENDTRNS	
TRNS	INVOICE	01/11/2022	Truck: Renne's 94	Accounts Receivable	194	30.55	96485	
SPL	INVOICE	01/11/2022	H1	Sales Income	194	-30.55	96485	0.67	45.6	
ENDTRNS	
TRNS	INVOICE	01/11/2022	Truck: 154wf150	Accounts Receivable	154	0	96486	
SPL	INVOICE	01/11/2022	H2	Sales Income	154	0.0	96486	0.3	0.0	
ENDTRNS	
TRNS	INVOICE	01/11/2022	Truck: 1923	Accounts Receivable	162	0	96487	
SPL	INVOICE	01/11/2022	H-2	Sales Income	162	0.0	96487	5.22	0.0	
ENDTRNS	
TRNS	INVOICE	01/11/2022	Truck: 154focus	Accounts Receivable	154	0	96488	
SPL	INVOICE	01/11/2022	H2	Sales Income	154	0.0	96488	0.52	0.0	
ENDTRNS	
TRNS	INVOICE	01/11/2022	Truck: 154gf150	Accounts Receivable	154	0	96489	
SPL	INVOICE	01/11/2022	H2	Sales Income	154	0.0	96489	0.01	0.0	
ENDTRNS	
TRNS	INVOICE	01/11/2022	Truck: CoH2	Accounts Receivable	154	0	96490	
SPL	INVOICE	01/11/2022	I-2	Sales Income	154	0.0	96490	0.52	0.0	
ENDTRNS	
TRNS	INVOICE	01/11/2022	Truck: 1706cal30	Accounts Receivable	240	12.77	96491	
SPL	INVOICE	01/11/2022	H1	Sales Income	240	-12.77	96491	0.28	45.61	
ENDTRNS	
TRNS	INVOICE	01/11/2022	Truck: 154btund	Accounts Receivable	154	0	96492	
SPL	INVOICE	01/11/2022	H2	Sales Income	154	0.0	96492	0.43	0.0	
ENDTRNS	
TRNS	INVOICE	01/11/2022	Truck: 154sram/t	Accounts Receivable	182	23.71	96493	
SPL	INVOICE	01/11/2022	DC	Sales Income	182	-23.71	96493	0.52	45.6	
ENDTRNS	
TRNS	INVOICE	01/11/2022	Truck: 1925	Accounts Receivable	162	0	96494	
SPL	INVOICE	01/11/2022	H-2	Sales Income	162	0.0	96494	8.18	0.0	
ENDTRNS	
TRNS	INVOICE	01/11/2022	Truck: 2679	Accounts Receivable	173	0	96495	
SPL	INVOICE	01/11/2022	H-3	Sales Income	173	0.0	96495	22.95	0.0	
ENDTRNS	
TRNS	INVOICE	01/11/2022	Truck: 154tsuv/t	Accounts Receivable	154	0	96496	
SPL	INVOICE	01/11/2022	H2	Sales Income	154	0.0	96496	0.05	0.0	
ENDTRNS	
TRNS	INVOICE	01/11/2022	Truck: 154wsuv	Accounts Receivable	154	0	96497	
SPL	INVOICE	01/11/2022	H2	Sales Income	154	0.0	96497	0.1	0.0	
ENDTRNS	
TRNS	INVOICE	01/11/2022	Truck: 154f150/t	Accounts Receivable	154	0	96499	
SPL	INVOICE	01/11/2022	I-2	Sales Income	154	0.0	96499	0.27	0.0	
ENDTRNS	
TRNS	INVOICE	01/11/2022	Truck: 154wsilv	Accounts Receivable	154	0	96500	
SPL	INVOICE	01/11/2022	H2	Sales Income	154	0.0	96500	0.15	0.0	
ENDTRNS	
TRNS	INVOICE	01/11/2022	Truck: 1924	Accounts Receivable	162	0	96501	
SPL	INVOICE	01/11/2022	H-2	Sales Income	162	0.0	96501	8.28	0.0	
ENDTRNS	
TRNS	INVOICE	01/11/2022	Truck: 154rc1500	Accounts Receivable	154	0	96502	
SPL	INVOICE	01/11/2022	H2	Sales Income	154	0.0	96502	0.02	0.0	
ENDTRNS	
TRNS	INVOICE	01/11/2022	Truck: 1706cal30	Accounts Receivable	240	9.58	96503	
SPL	INVOICE	01/11/2022	H1	Sales Income	240	-9.58	96503	0.21	45.62	
ENDTRNS	
TRNS	INVOICE	01/11/2022	Truck: 1905	Accounts Receivable	162	0	96504	
SPL	INVOICE	01/11/2022	H-2	Sales Income	162	0.0	96504	8.79	0.0	
ENDTRNS	
TRNS	INVOICE	01/11/2022	Truck: 154ttac	Accounts Receivable	154	0	96505	
SPL	INVOICE	01/11/2022	I-2	Sales Income	154	0.0	96505	0.52	0.0	
ENDTRNS	
TRNS	INVOICE	01/11/2022	Truck: 154gccust	Accounts Receivable	182	15.96	96506	
SPL	INVOICE	01/11/2022	DC	Sales Income	182	-15.96	96506	0.35	45.6	
ENDTRNS	
TRNS	INVOICE	01/11/2022	Truck: 154btaco/t	Accounts Receivable	154	0	96507	
SPL	INVOICE	01/11/2022	H2	Sales Income	154	0.0	96507	0.53	0.0	
ENDTRNS	
TRNS	INVOICE	01/11/2022	Truck: 154gatlin	Accounts Receivable	182	7.75	96508	
SPL	INVOICE	01/11/2022	DC	Sales Income	182	-7.75	96508	0.17	45.59	
ENDTRNS	
TRNS	INVOICE	01/11/2022	Truck: 154wtac	Accounts Receivable	154	0	96509	
SPL	INVOICE	01/11/2022	H2	Sales Income	154	0.0	96509	0	0.0	
ENDTRNS	
TRNS	INVOICE	01/11/2022	Truck: CoH2	Accounts Receivable	154	0	96510	
SPL	INVOICE	01/11/2022	I-2	Sales Income	154	0.0	96510	0.69	0.0	
ENDTRNS	
TRNS	INVOICE	01/11/2022	Truck: 154btund/t	Accounts Receivable	154	0	96511	
SPL	INVOICE	01/11/2022	H2	Sales Income	154	0.0	96511	0.1	0.0	
ENDTRNS	
TRNS	INVOICE	01/11/2022	Truck: 154wsuv/t	Accounts Receivable	154	0	96512	
SPL	INVOICE	01/11/2022	I-2	Sales Income	154	0.0	96512	0.18	0.0	
ENDTRNS	
TRNS	INVOICE	01/11/2022	Truck: 154wf150	Accounts Receivable	154	0	96513	
SPL	INVOICE	01/11/2022	H2	Sales Income	154	0.0	96513	0.1	0.0	
ENDTRNS	
TRNS	INVOICE	01/11/2022	Truck: 154gf150	Accounts Receivable	154	0	96514	
SPL	INVOICE	01/11/2022	H2	Sales Income	154	0.0	96514	0.74	0.0	
ENDTRNS	
TRNS	INVOICE	01/11/2022	Truck: 1923	Accounts Receivable	162	0	96515	
SPL	INVOICE	01/11/2022	H-2	Sales Income	162	0.0	96515	5.61	0.0	
ENDTRNS	
TRNS	INVOICE	01/11/2022	Truck: 154rtac	Accounts Receivable	154	0	96516	
SPL	INVOICE	01/11/2022	I-2	Sales Income	154	0.0	96516	0.06	0.0	
ENDTRNS	
TRNS	INVOICE	01/11/2022	Truck: 154wf150	Accounts Receivable	154	0	96517	
SPL	INVOICE	01/11/2022	H2	Sales Income	154	0.0	96517	0.04	0.0	
ENDTRNS	
TRNS	INVOICE	01/11/2022	Truck: 1925	Accounts Receivable	162	0	96518	
SPL	INVOICE	01/11/2022	H-2	Sales Income	162	0.0	96518	2.35	0.0	
ENDTRNS	
TRNS	INVOICE	01/11/2022	Truck: 154jeep	Accounts Receivable	154	0	96519	
SPL	INVOICE	01/11/2022	H2	Sales Income	154	0.0	96519	0.08	0.0	
ENDTRNS	
TRNS	INVOICE	01/11/2022	Truck: 1905	Accounts Receivable	162	0	96520	
SPL	INVOICE	01/11/2022	H-2	Sales Income	162	0.0	96520	1.71	0.0	
ENDTRNS	
TRNS	INVOICE	01/11/2022	Truck: 1907	Accounts Receivable	162	0	96521	
SPL	INVOICE	01/11/2022	H-2	Sales Income	162	0.0	96521	9.73	0.0	
ENDTRNS	
TRNS	INVOICE	01/11/2022	Truck: 154bgmc	Accounts Receivable	154	0	96522	
SPL	INVOICE	01/11/2022	H2	Sales Income	154	0.0	96522	0.12	0.0	
ENDTRNS	
TRNS	INVOICE	01/11/2022	Truck: 154bf550	Accounts Receivable	154	0	96523	
SPL	INVOICE	01/11/2022	H2	Sales Income	154	0.0	96523	0.95	0.0	
ENDTRNS	
TRNS	INVOICE	01/11/2022	Truck: Prisdet	Accounts Receivable	154	0	96524	
SPL	INVOICE	01/11/2022	H2	Sales Income	154	0.0	96524	0.12	0.0	
ENDTRNS	
TRNS	INVOICE	01/11/2022	Truck: 154wf150	Accounts Receivable	154	0	96525	
SPL	INVOICE	01/11/2022	H2	Sales Income	154	0.0	96525	0.17	0.0	
ENDTRNS	
TRNS	INVOICE	01/11/2022	Truck: 154gran	Accounts Receivable	154	0	96526	
SPL	INVOICE	01/11/2022	I-2	Sales Income	154	0.0	96526	0.25	0.0	
ENDTRNS	
TRNS	INVOICE	01/11/2022	Truck: 2679	Accounts Receivable	173	0	96527	
SPL	INVOICE	01/11/2022	H-3	Sales Income	173	0.0	96527	31.04	0.0	
ENDTRNS	
TRNS	INVOICE	01/11/2022	Truck: CoH2	Accounts Receivable	154	0	96530	
SPL	INVOICE	01/11/2022	I-2	Sales Income	154	0.0	96530	0.4	0.0	
ENDTRNS	
TRNS	INVOICE	01/11/2022	Truck: 154rtoy	Accounts Receivable	154	0	96531	
SPL	INVOICE	01/11/2022	I-2	Sales Income	154	0.0	96531	0.12	0.0	
ENDTRNS	
TRNS	INVOICE	01/11/2022	Truck: 154wtun	Accounts Receivable	154	0	96532	
SPL	INVOICE	01/11/2022	H2	Sales Income	154	0.0	96532	0.11	0.0	
ENDTRNS	
TRNS	INVOICE	01/11/2022	Truck: 154bgmc	Accounts Receivable	154	0	96533	
SPL	INVOICE	01/11/2022	H2	Sales Income	154	0.0	96533	0.05	0.0	
ENDTRNS	
TRNS	INVOICE	01/11/2022	Truck: 1905	Accounts Receivable	162	0	96534	
SPL	INVOICE	01/11/2022	H-2	Sales Income	162	0.0	96534	14.87	0.0	
ENDTRNS	
TRNS	INVOICE	01/11/2022	Truck: 182dumpit	Accounts Receivable	182	91.2	96535	
SPL	INVOICE	01/11/2022	H1	Sales Income	182	-91.2	96535	2	45.6	
ENDTRNS	
TRNS	INVOICE	01/11/2022	Truck: 154bgmc2	Accounts Receivable	154	0	96536	
SPL	INVOICE	01/11/2022	H2	Sales Income	154	0.0	96536	0.15	0.0	
ENDTRNS	
TRNS	INVOICE	01/11/2022	Truck: 154wche	Accounts Receivable	154	0	96537	
SPL	INVOICE	01/11/2022	H2	Sales Income	154	0.0	96537	0.05	0.0	
ENDTRNS	
TRNS	INVOICE	01/11/2022	Truck: 154bc	Accounts Receivable	154	0	96538	
SPL	INVOICE	01/11/2022	H2	Sales Income	154	0.0	96538	0.03	0.0	
ENDTRNS	
TRNS	INVOICE	01/12/2022	Truck: 1706JCGcom	Accounts Receivable	240	134.52	96539	
SPL	INVOICE	01/12/2022	H1	Sales Income	240	-134.52	96539	2.95	45.6	
ENDTRNS	
TRNS	INVOICE	01/12/2022	Truck: 154rjeep/	Accounts Receivable	154	0	96540	
SPL	INVOICE	01/12/2022	I-2	Sales Income	154	0.0	96540	0.09	0.0	
ENDTRNS	
TRNS	INVOICE	01/12/2022	Truck: 2679	Accounts Receivable	173	0	96541	
SPL	INVOICE	01/12/2022	H-3	Sales Income	173	0.0	96541	30.59	0.0	
ENDTRNS	
TRNS	INVOICE	01/12/2022	Truck: 154mgmc/t	Accounts Receivable	154	0	96542	
SPL	INVOICE	01/12/2022	H2	Sales Income	154	0.0	96542	0.2	0.0	
ENDTRNS	
TRNS	INVOICE	01/12/2022	Truck: 154wsuv	Accounts Receivable	154	0	96543	
SPL	INVOICE	01/12/2022	H2	Sales Income	154	0.0	96543	0.01	0.0	
ENDTRNS	
TRNS	INVOICE	01/12/2022	Truck: 154wgmc/t	Accounts Receivable	182	20.06	96544	
SPL	INVOICE	01/12/2022	DC	Sales Income	182	-20.06	96544	0.44	45.59	
ENDTRNS	
TRNS	INVOICE	01/12/2022	Truck: 154bf150	Accounts Receivable	154	0	96545	
SPL	INVOICE	01/12/2022	H2	Sales Income	154	0.0	96545	0.09	0.0	
ENDTRNS	
TRNS	INVOICE	01/12/2022	Truck: 1706cal30	Accounts Receivable	240	4.56	96547	
SPL	INVOICE	01/12/2022	H1	Sales Income	240	-4.56	96547	0.1	45.6	
ENDTRNS	
TRNS	INVOICE	01/12/2022	Truck: 182davis	Accounts Receivable	182	49.7	96548	
SPL	INVOICE	01/12/2022	DC	Sales Income	182	-49.7	96548	1.09	45.6	
ENDTRNS	
TRNS	INVOICE	01/12/2022	Truck: 1636-24	Accounts Receivable	164	0	96549	
SPL	INVOICE	01/12/2022	I-2	Sales Income	164	0.0	96549	3.1	0.0	
ENDTRNS	
TRNS	INVOICE	01/12/2022	Truck: 154bcs10	Accounts Receivable	154	0	96550	
SPL	INVOICE	01/12/2022	I-2	Sales Income	154	0.0	96550	0.21	0.0	
ENDTRNS	
TRNS	INVOICE	01/12/2022	Truck: 154car	Accounts Receivable	154	0	96551	
SPL	INVOICE	01/12/2022	H2	Sales Income	154	0.0	96551	0.02	0.0	
ENDTRNS	
TRNS	INVOICE	01/12/2022	Truck: 154tram250	Accounts Receivable	154	0	96552	
SPL	INVOICE	01/12/2022	I-2	Sales Income	154	0.0	96552	0.21	0.0	
ENDTRNS	
TRNS	INVOICE	01/12/2022	Truck: 154rf150	Accounts Receivable	154	0	96553	
SPL	INVOICE	01/12/2022	H2	Sales Income	154	0.0	96553	0.05	0.0	
ENDTRNS	
TRNS	INVOICE	01/12/2022	Truck: 154bf150	Accounts Receivable	154	0	96554	
SPL	INVOICE	01/12/2022	H2	Sales Income	154	0.0	96554	0.06	0.0	
ENDTRNS	
TRNS	INVOICE	01/12/2022	Truck: 154wsil	Accounts Receivable	154	0	96555	
SPL	INVOICE	01/12/2022	H2	Sales Income	154	0.0	96555	0.05	0.0	
ENDTRNS	
TRNS	INVOICE	01/12/2022	Truck: 154mram	Accounts Receivable	154	0	96556	
SPL	INVOICE	01/12/2022	H2	Sales Income	154	0.0	96556	0.12	0.0	
ENDTRNS	
TRNS	INVOICE	01/12/2022	Truck: 1706cal30	Accounts Receivable	240	7.75	96557	
SPL	INVOICE	01/12/2022	H1	Sales Income	240	-7.75	96557	0.17	45.59	
ENDTRNS	
TRNS	INVOICE	01/12/2022	Truck: 154bram	Accounts Receivable	154	0	96558	
SPL	INVOICE	01/12/2022	I-2	Sales Income	154	0.0	96558	0.03	0.0	
ENDTRNS	
TRNS	INVOICE	01/12/2022	Truck: 154wf105/t	Accounts Receivable	154	0	96559	
SPL	INVOICE	01/12/2022	I-2	Sales Income	154	0.0	96559	0.51	0.0	
ENDTRNS	
TRNS	INVOICE	01/12/2022	Truck: 154btun	Accounts Receivable	154	0	96560	
SPL	INVOICE	01/12/2022	H2	Sales Income	154	0.0	96560	0.01	0.0	
ENDTRNS	
TRNS	INVOICE	01/12/2022	Truck: CoH2	Accounts Receivable	154	0	96561	
SPL	INVOICE	01/12/2022	I-2	Sales Income	154	0.0	96561	0.41	0.0	
ENDTRNS	
TRNS	INVOICE	01/12/2022	Truck: 154oram	Accounts Receivable	154	0	96562	
SPL	INVOICE	01/12/2022	H2	Sales Income	154	0.0	96562	0.28	0.0	
ENDTRNS	
TRNS	INVOICE	01/12/2022	Truck: 2679	Accounts Receivable	173	0	96563	
SPL	INVOICE	01/12/2022	H-3	Sales Income	173	0.0	96563	27.33	0.0	
ENDTRNS	
TRNS	INVOICE	01/12/2022	Truck: 1905	Accounts Receivable	162	0	96564	
SPL	INVOICE	01/12/2022	H-2	Sales Income	162	0.0	96564	6.08	0.0	
ENDTRNS	
TRNS	INVOICE	01/12/2022	Truck: 154wtund/t	Accounts Receivable	154	0	96565	
SPL	INVOICE	01/12/2022	I-2	Sales Income	154	0.0	96565	0.37	0.0	
ENDTRNS	
TRNS	INVOICE	01/12/2022	Truck: 182stund/	Accounts Receivable	154	0	96566	
SPL	INVOICE	01/12/2022	H2	Sales Income	154	0.0	96566	1.55	0.0	
ENDTRNS	
TRNS	INVOICE	01/12/2022	Truck: 154tc1500	Accounts Receivable	154	0	96567	
SPL	INVOICE	01/12/2022	H2	Sales Income	154	0.0	96567	0.2	0.0	
ENDTRNS	
TRNS	INVOICE	01/12/2022	Truck: 1925	Accounts Receivable	162	0	96568	
SPL	INVOICE	01/12/2022	H-2	Sales Income	162	0.0	96568	8.37	0.0	
ENDTRNS	
TRNS	INVOICE	01/12/2022	Truck: 154rram/	Accounts Receivable	154	0	96569	
SPL	INVOICE	01/12/2022	H2	Sales Income	154	0.0	96569	0.34	0.0	
ENDTRNS	
TRNS	INVOICE	01/12/2022	Truck: 154wf150	Accounts Receivable	154	0	96570	
SPL	INVOICE	01/12/2022	H2	Sales Income	154	0.0	96570	0.05	0.0	
ENDTRNS	
TRNS	INVOICE	01/12/2022	Truck: 2373	Accounts Receivable	173	0	96571	
SPL	INVOICE	01/12/2022	H3	Sales Income	173	0.0	96571	26.05	0.0	
ENDTRNS	
TRNS	INVOICE	01/12/2022	Truck: 154wf150	Accounts Receivable	154	0	96572	
SPL	INVOICE	01/12/2022	H2	Sales Income	154	0.0	96572	0.1	0.0	
ENDTRNS	
TRNS	INVOICE	01/12/2022	Truck: 1923	Accounts Receivable	162	0	96573	
SPL	INVOICE	01/12/2022	H-2	Sales Income	162	0.0	96573	10.59	0.0	
ENDTRNS	
TRNS	INVOICE	01/12/2022	Truck: 154wf250/	Accounts Receivable	154	0	96574	
SPL	INVOICE	01/12/2022	I-2	Sales Income	154	0.0	96574	0.67	0.0	
ENDTRNS	
TRNS	INVOICE	01/12/2022	Truck: 154wf250	Accounts Receivable	154	0	96575	
SPL	INVOICE	01/12/2022	H2	Sales Income	154	0.0	96575	0.17	0.0	
ENDTRNS	
TRNS	INVOICE	01/12/2022	Truck: 154wcolor	Accounts Receivable	154	0	96576	
SPL	INVOICE	01/12/2022	H2	Sales Income	154	0.0	96576	0.29	0.0	
ENDTRNS	
TRNS	INVOICE	01/12/2022	Truck: 154wfmx	Accounts Receivable	154	0	96577	
SPL	INVOICE	01/12/2022	H2	Sales Income	154	0.0	96577	0.12	0.0	
ENDTRNS	
TRNS	INVOICE	01/12/2022	Truck: 1924	Accounts Receivable	162	0	96578	
SPL	INVOICE	01/12/2022	H-2	Sales Income	162	0.0	96578	6.13	0.0	
ENDTRNS	
TRNS	INVOICE	01/12/2022	Truck: 154bnis	Accounts Receivable	154	0	96579	
SPL	INVOICE	01/12/2022	I-2	Sales Income	154	0.0	96579	0.15	0.0	
ENDTRNS	
TRNS	INVOICE	01/12/2022	Truck: 154bram	Accounts Receivable	154	0	96580	
SPL	INVOICE	01/12/2022	I-2	Sales Income	154	0.0	96580	0.17	0.0	
ENDTRNS	
TRNS	INVOICE	01/12/2022	Truck: 154gfran	Accounts Receivable	154	0	96581	
SPL	INVOICE	01/12/2022	H2	Sales Income	154	0.0	96581	0.02	0.0	
ENDTRNS	
TRNS	INVOICE	01/12/2022	Truck: 1907	Accounts Receivable	162	0	96582	
SPL	INVOICE	01/12/2022	H-2	Sales Income	162	0.0	96582	9.02	0.0	
ENDTRNS	
TRNS	INVOICE	01/12/2022	Truck: 154bram/t	Accounts Receivable	154	0	96583	
SPL	INVOICE	01/12/2022	I-2	Sales Income	154	0.0	96583	0.6	0.0	
ENDTRNS	
TRNS	INVOICE	01/12/2022	Truck: 1925	Accounts Receivable	162	0	96584	
SPL	INVOICE	01/12/2022	H-2	Sales Income	162	0.0	96584	1.5	0.0	
ENDTRNS	
TRNS	INVOICE	01/12/2022	Truck: 182wram/	Accounts Receivable	182	46.97	96585	
SPL	INVOICE	01/12/2022	DC	Sales Income	182	-46.97	96585	1.03	45.6	
ENDTRNS	
TRNS	INVOICE	01/12/2022	Truck: 154car	Accounts Receivable	154	0	96586	
SPL	INVOICE	01/12/2022	H2	Sales Income	154	0.0	96586	0.05	0.0	
ENDTRNS	
TRNS	INVOICE	01/12/2022	Truck: 1906	Accounts Receivable	162	0	96587	
SPL	INVOICE	01/12/2022	H-2	Sales Income	162	0.0	96587	10.42	0.0	
ENDTRNS	
TRNS	INVOICE	01/12/2022	Truck: 154bf150/t	Accounts Receivable	154	0	96588	
SPL	INVOICE	01/12/2022	I-2	Sales Income	154	0.0	96588	0.8	0.0	
ENDTRNS	
TRNS	INVOICE	01/12/2022	Truck: 2679	Accounts Receivable	173	0	96589	
SPL	INVOICE	01/12/2022	H-3	Sales Income	173	0.0	96589	30.75	0.0	
ENDTRNS	
TRNS	INVOICE	01/12/2022	Truck: 154bram/	Accounts Receivable	182	28.73	96590	
SPL	INVOICE	01/12/2022	DC	Sales Income	182	-28.73	96590	0.63	45.6	
ENDTRNS	
TRNS	INVOICE	01/12/2022	Truck: 154btun	Accounts Receivable	154	0	96591	
SPL	INVOICE	01/12/2022	I-2	Sales Income	154	0.0	96591	0.04	0.0	
ENDTRNS	
TRNS	INVOICE	01/12/2022	Truck: 154bf150	Accounts Receivable	154	0	96592	
SPL	INVOICE	01/12/2022	H2	Sales Income	154	0.0	96592	0.03	0.0	
ENDTRNS	
TRNS	INVOICE	01/12/2022	Truck: 154wf350/	Accounts Receivable	239	165.53	96593	
SPL	INVOICE	01/12/2022	DC	Sales Income	239	-165.53	96593	3.63	45.6	
ENDTRNS	
TRNS	INVOICE	01/12/2022	Truck: 154sf450/t	Accounts Receivable	154	0	96594	
SPL	INVOICE	01/12/2022	H2	Sales Income	154	0.0	96594	0.61	0.0	
ENDTRNS	
TRNS	INVOICE	01/12/2022	Truck: 154bram/t	Accounts Receivable	154	0	96595	
SPL	INVOICE	01/12/2022	I-2	Sales Income	154	0.0	96595	0.7	0.0	
ENDTRNS	
TRNS	INVOICE	01/12/2022	Truck: 154jnm/	Accounts Receivable	154	0	96596	
SPL	INVOICE	01/12/2022	H2	Sales Income	154	0.0	96596	0.58	0.0	
ENDTRNS	
TRNS	INVOICE	01/12/2022	Truck: 154wcolo	Accounts Receivable	154	0	96597	
SPL	INVOICE	01/12/2022	H2	Sales Income	154	0.0	96597	0.22	0.0	
ENDTRNS	
TRNS	INVOICE	01/12/2022	Truck: 154wgmc	Accounts Receivable	182	12.31	96598	
SPL	INVOICE	01/12/2022	DC	Sales Income	182	-12.31	96598	0.27	45.59	
ENDTRNS	
TRNS	INVOICE	01/12/2022	Truck: 154wf350/t	Accounts Receivable	182	25.99	96599	
SPL	INVOICE	01/12/2022	DC	Sales Income	182	-25.99	96599	0.57	45.6	
ENDTRNS	
TRNS	INVOICE	01/12/2022	Truck: 154bf150	Accounts Receivable	182	13.22	96600	
SPL	INVOICE	01/12/2022	H1	Sales Income	182	-13.22	96600	0.29	45.59	
ENDTRNS	
TRNS	INVOICE	01/12/2022	Truck: 154wd/t	Accounts Receivable	154	0	96601	
SPL	INVOICE	01/12/2022	H2	Sales Income	154	0.0	96601	1.98	0.0	
ENDTRNS	
TRNS	INVOICE	01/13/2022	Truck: 1706comp	Accounts Receivable	240	89.83	96602	
SPL	INVOICE	01/13/2022	H1	Sales Income	240	-89.83	96602	1.97	45.6	
ENDTRNS	
TRNS	INVOICE	01/13/2022	Truck: 2679	Accounts Receivable	173	0	96603	
SPL	INVOICE	01/13/2022	H-3	Sales Income	173	0.0	96603	29.47	0.0	
ENDTRNS	
TRNS	INVOICE	01/13/2022	Truck: 154	Accounts Receivable	154	0	96604	
SPL	INVOICE	01/13/2022	H2	Sales Income	154	0.0	96604	0.11	0.0	
ENDTRNS	
TRNS	INVOICE	01/13/2022	Truck: 154	Accounts Receivable	154	0	96605	
SPL	INVOICE	01/13/2022	H2	Sales Income	154	0.0	96605	0.1	0.0	
ENDTRNS	
TRNS	INVOICE	01/13/2022	Truck: 1706cal30	Accounts Receivable	240	5.02	96606	
SPL	INVOICE	01/13/2022	H1	Sales Income	240	-5.02	96606	0.11	45.64	
ENDTRNS	
TRNS	INVOICE	01/13/2022	Truck: 182	Accounts Receivable	154	0	96607	
SPL	INVOICE	01/13/2022	H2	Sales Income	154	0.0	96607	0.11	0.0	
ENDTRNS	
TRNS	INVOICE	01/13/2022	Truck: 154	Accounts Receivable	154	0	96608	
SPL	INVOICE	01/13/2022	I-2	Sales Income	154	0.0	96608	0.14	0.0	
ENDTRNS	
TRNS	INVOICE	01/13/2022	Truck: Renee1	Accounts Receivable	194	0	96609	
SPL	INVOICE	01/13/2022	I-2	Sales Income	194	0.0	96609	2.03	0.0	
ENDTRNS	
TRNS	INVOICE	01/13/2022	Truck: 182dumpit	Accounts Receivable	182	77.52	96610	
SPL	INVOICE	01/13/2022	DC	Sales Income	182	-77.52	96610	1.7	45.6	
ENDTRNS	
TRNS	INVOICE	01/13/2022	Truck: 182davis	Accounts Receivable	182	16.87	96611	
SPL	INVOICE	01/13/2022	DC	Sales Income	182	-16.87	96611	0.37	45.59	
ENDTRNS	
TRNS	INVOICE	01/13/2022	Truck: 1706cal30	Accounts Receivable	240	1.82	96612	
SPL	INVOICE	01/13/2022	H1	Sales Income	240	-1.82	96612	0.04	45.5	
ENDTRNS	
TRNS	INVOICE	01/13/2022	Truck: 2679	Accounts Receivable	173	0	96613	
SPL	INVOICE	01/13/2022	H-3	Sales Income	173	0.0	96613	22.18	0.0	
ENDTRNS	
TRNS	INVOICE	01/13/2022	Truck: 154	Accounts Receivable	154	0	96614	
SPL	INVOICE	01/13/2022	H2	Sales Income	154	0.0	96614	0.34	0.0	
ENDTRNS	
TRNS	INVOICE	01/13/2022	Truck: 182	Accounts Receivable	239	130.87	96615	
SPL	INVOICE	01/13/2022	DC	Sales Income	239	-130.87	96615	2.87	45.6	
ENDTRNS	
TRNS	INVOICE	01/13/2022	Truck: 1921-C	Accounts Receivable	162	0	96616	
SPL	INVOICE	01/13/2022	H-2	Sales Income	162	0.0	96616	9.73	0.0	
ENDTRNS	
TRNS	INVOICE	01/13/2022	Truck: 154	Accounts Receivable	154	0	96617	
SPL	INVOICE	01/13/2022	H2	Sales Income	154	0.0	96617	0.28	0.0	
ENDTRNS	
TRNS	INVOICE	01/13/2022	Truck: 154toy	Accounts Receivable	154	0	96618	
SPL	INVOICE	01/13/2022	H2	Sales Income	154	0.0	96618	0.13	0.0	
ENDTRNS	
TRNS	INVOICE	01/13/2022	Truck: 154whitec	Accounts Receivable	154	0	96619	
SPL	INVOICE	01/13/2022	H2	Sales Income	154	0.0	96619	0.07	0.0	
ENDTRNS	
TRNS	INVOICE	01/13/2022	Truck: 182	Accounts Receivable	182	19.15	96620	
SPL	INVOICE	01/13/2022	DC	Sales Income	182	-19.15	96620	0.42	45.6	
ENDTRNS	
TRNS	INVOICE	01/13/2022	Truck: 182tie	Accounts Receivable	182	10	96621	
SPL	INVOICE	01/13/2022	T-1	Sales Income	182	-10.0	96621	0.04	250.0	
ENDTRNS	
TRNS	INVOICE	01/13/2022	Truck: 182ch	Accounts Receivable	182	134.06	96622	
SPL	INVOICE	01/13/2022	DC	Sales Income	182	-134.06	96622	2.94	45.6	
ENDTRNS	
TRNS	INVOICE	01/13/2022	Truck: 182van	Accounts Receivable	182	20.06	96623	
SPL	INVOICE	01/13/2022	DC	Sales Income	182	-20.06	96623	0.44	45.59	
ENDTRNS	
TRNS	INVOICE	01/13/2022	Truck: 1921-O	Accounts Receivable	162	0	96624	
SPL	INVOICE	01/13/2022	H-2	Sales Income	162	0.0	96624	1.6	0.0	
ENDTRNS	
TRNS	INVOICE	01/13/2022	Truck: 1 2 3	Accounts Receivable	154	0	96625	
SPL	INVOICE	01/13/2022	H-2	Sales Income	154	0.0	96625	1.64	0.0	
ENDTRNS	
TRNS	INVOICE	01/13/2022	Truck: 1907	Accounts Receivable	162	0	96626	
SPL	INVOICE	01/13/2022	H-2	Sales Income	162	0.0	96626	7.16	0.0	
ENDTRNS	
TRNS	INVOICE	01/13/2022	Truck: 1905	Accounts Receivable	162	0	96627	
SPL	INVOICE	01/13/2022	H-2	Sales Income	162	0.0	96627	7.49	0.0	
ENDTRNS	
TRNS	INVOICE	01/13/2022	Truck: 154	Accounts Receivable	154	0	96628	
SPL	INVOICE	01/13/2022	H2	Sales Income	154	0.0	96628	0.86	0.0	
ENDTRNS	
TRNS	INVOICE	01/13/2022	Truck: 154blkf250	Accounts Receivable	154	0	96629	
SPL	INVOICE	01/13/2022	H2	Sales Income	154	0.0	96629	0.24	0.0	
ENDTRNS	
TRNS	INVOICE	01/14/2022	Truck: 1706JCGcom	Accounts Receivable	240	79.8	96630	
SPL	INVOICE	01/14/2022	H1	Sales Income	240	-79.8	96630	1.75	45.6	
ENDTRNS	
TRNS	INVOICE	01/14/2022	Truck: 154wsuv/	Accounts Receivable	154	0	96631	
SPL	INVOICE	01/14/2022	H2	Sales Income	154	0.0	96631	0.28	0.0	
ENDTRNS	
TRNS	INVOICE	01/14/2022	Truck: 154unitdis	Accounts Receivable	154	0	96632	
SPL	INVOICE	01/14/2022	H2	Sales Income	154	0.0	96632	0.26	0.0	
ENDTRNS	
TRNS	INVOICE	01/14/2022	Truck: 154debest	Accounts Receivable	182	11.86	96633	
SPL	INVOICE	01/14/2022	DC	Sales Income	182	-11.86	96633	0.26	45.62	
ENDTRNS	
TRNS	INVOICE	01/14/2022	Truck: 154btac	Accounts Receivable	154	0	96634	
SPL	INVOICE	01/14/2022	I-2	Sales Income	154	0.0	96634	0.27	0.0	
ENDTRNS	
TRNS	INVOICE	01/14/2022	Truck: 238	Accounts Receivable	238	16.87	96635	
SPL	INVOICE	01/14/2022	DC	Sales Income	238	-16.87	96635	0.37	45.59	
ENDTRNS	
TRNS	INVOICE	01/14/2022	Truck: 1921-O	Accounts Receivable	162	0	96636	
SPL	INVOICE	01/14/2022	H-2	Sales Income	162	0.0	96636	2.62	0.0	
ENDTRNS	
TRNS	INVOICE	01/14/2022	Truck: 154wf350	Accounts Receivable	154	0	96637	
SPL	INVOICE	01/14/2022	H2	Sales Income	154	0.0	96637	0.06	0.0	
ENDTRNS	
TRNS	INVOICE	01/14/2022	Truck: 1706JCG20	Accounts Receivable	240	139.54	96638	
SPL	INVOICE	01/14/2022	H1	Sales Income	240	-139.54	96638	3.06	45.6	
ENDTRNS	
TRNS	INVOICE	01/14/2022	Truck: 2679	Accounts Receivable	173	0	96639	
SPL	INVOICE	01/14/2022	H-3	Sales Income	173	0.0	96639	26.16	0.0	
ENDTRNS	
TRNS	INVOICE	01/14/2022	Truck: 154bram	Accounts Receivable	154	0	96640	
SPL	INVOICE	01/14/2022	H2	Sales Income	154	0.0	96640	0.09	0.0	
ENDTRNS	
TRNS	INVOICE	01/14/2022	Truck: 154wsier	Accounts Receivable	154	0	96641	
SPL	INVOICE	01/14/2022	H2	Sales Income	154	0.0	96641	0.09	0.0	
ENDTRNS	
TRNS	INVOICE	01/14/2022	Truck: 154bram150	Accounts Receivable	154	0	96642	
SPL	INVOICE	01/14/2022	H2	Sales Income	154	0.0	96642	0.15	0.0	
ENDTRNS	
TRNS	INVOICE	01/14/2022	Truck: 154gsilver	Accounts Receivable	154	0	96643	
SPL	INVOICE	01/14/2022	H2	Sales Income	154	0.0	96643	0.07	0.0	
ENDTRNS	
TRNS	INVOICE	01/14/2022	Truck: 154btund	Accounts Receivable	154	0	96644	
SPL	INVOICE	01/14/2022	H2	Sales Income	154	0.0	96644	0.1	0.0	
ENDTRNS	
TRNS	INVOICE	01/14/2022	Truck: 1925	Accounts Receivable	162	0	96645	
SPL	INVOICE	01/14/2022	H-2	Sales Income	162	0.0	96645	4.52	0.0	
ENDTRNS	
TRNS	INVOICE	01/14/2022	Truck: 154rf150	Accounts Receivable	154	0	96646	
SPL	INVOICE	01/14/2022	H2	Sales Income	154	0.0	96646	0.55	0.0	
ENDTRNS	
TRNS	INVOICE	01/14/2022	Truck: 154h.c.	Accounts Receivable	154	0	96647	
SPL	INVOICE	01/14/2022	H2	Sales Income	154	0.0	96647	0.55	0.0	
ENDTRNS	
TRNS	INVOICE	01/14/2022	Truck: 154tche	Accounts Receivable	154	0	96648	
SPL	INVOICE	01/14/2022	I-2	Sales Income	154	0.0	96648	0.07	0.0	
ENDTRNS	
TRNS	INVOICE	01/14/2022	Truck: 154wf350/	Accounts Receivable	154	0	96649	
SPL	INVOICE	01/14/2022	H2	Sales Income	154	0.0	96649	0.29	0.0	
ENDTRNS	
TRNS	INVOICE	01/14/2022	Truck: 154bgmc	Accounts Receivable	154	0	96650	
SPL	INVOICE	01/14/2022	H2	Sales Income	154	0.0	96650	0.12	0.0	
ENDTRNS	
TRNS	INVOICE	01/14/2022	Truck: 1921-O	Accounts Receivable	162	0	96651	
SPL	INVOICE	01/14/2022	H-2	Sales Income	162	0.0	96651	2.54	0.0	
ENDTRNS	
TRNS	INVOICE	01/14/2022	Truck: 154gram	Accounts Receivable	154	0	96652	
SPL	INVOICE	01/14/2022	H2	Sales Income	154	0.0	96652	0.08	0.0	
ENDTRNS	
TRNS	INVOICE	01/14/2022	Truck: Renee 2	Accounts Receivable	194	9.12	96653	
SPL	INVOICE	01/14/2022	H1	Sales Income	194	-9.12	96653	0.2	45.6	
ENDTRNS	
TRNS	INVOICE	01/14/2022	Truck: 154rf150/t	Accounts Receivable	154	0	96654	
SPL	INVOICE	01/14/2022	H2	Sales Income	154	0.0	96654	0.39	0.0	
ENDTRNS	
TRNS	INVOICE	01/14/2022	Truck: 154wram/	Accounts Receivable	182	17.78	96655	
SPL	INVOICE	01/14/2022	DC	Sales Income	182	-17.78	96655	0.39	45.59	
ENDTRNS	
TRNS	INVOICE	01/14/2022	Truck: 154wsuv	Accounts Receivable	154	0	96656	
SPL	INVOICE	01/14/2022	H2	Sales Income	154	0.0	96656	0.03	0.0	
ENDTRNS	
TRNS	INVOICE	01/14/2022	Truck: 154rtoy	Accounts Receivable	182	4.56	96657	
SPL	INVOICE	01/14/2022	DC	Sales Income	182	-4.56	96657	0.1	45.6	
ENDTRNS	
TRNS	INVOICE	01/14/2022	Truck: 154bcsilv/	Accounts Receivable	182	13.22	96658	
SPL	INVOICE	01/14/2022	DC	Sales Income	182	-13.22	96658	0.29	45.59	
ENDTRNS	
TRNS	INVOICE	01/14/2022	Truck: 154wd/t	Accounts Receivable	154	0	96659	
SPL	INVOICE	01/14/2022	H2	Sales Income	154	0.0	96659	0.52	0.0	
ENDTRNS	
TRNS	INVOICE	01/14/2022	Truck: 154wram	Accounts Receivable	154	0	96660	
SPL	INVOICE	01/14/2022	H2	Sales Income	154	0.0	96660	0.05	0.0	
ENDTRNS	
TRNS	INVOICE	01/14/2022	Truck: 1923	Accounts Receivable	162	0	96661	
SPL	INVOICE	01/14/2022	H-2	Sales Income	162	0.0	96661	4.38	0.0	
ENDTRNS	
TRNS	INVOICE	01/14/2022	Truck: 1907	Accounts Receivable	162	0	96662	
SPL	INVOICE	01/14/2022	H-2	Sales Income	162	0.0	96662	3.35	0.0	
ENDTRNS	
TRNS	INVOICE	01/14/2022	Truck: 154wf250/	Accounts Receivable	154	0	96663	
SPL	INVOICE	01/14/2022	I-2	Sales Income	154	0.0	96663	0.57	0.0	
ENDTRNS	
TRNS	INVOICE	01/14/2022	Truck: 154bgmc	Accounts Receivable	154	0	96664	
SPL	INVOICE	01/14/2022	H2	Sales Income	154	0.0	96664	0.19	0.0	
ENDTRNS	
TRNS	INVOICE	01/14/2022	Truck: CoH2	Accounts Receivable	154	0	96665	
SPL	INVOICE	01/14/2022	I-2	Sales Income	154	0.0	96665	0.36	0.0	
ENDTRNS	
TRNS	INVOICE	01/14/2022	Truck: 154rjee/t	Accounts Receivable	154	0	96666	
SPL	INVOICE	01/14/2022	I-2	Sales Income	154	0.0	96666	0.23	0.0	
ENDTRNS	
TRNS	INVOICE	01/14/2022	Truck: 154widesp	Accounts Receivable	182	80.26	96667	
SPL	INVOICE	01/14/2022	DC	Sales Income	182	-80.26	96667	1.76	45.6	
ENDTRNS	
TRNS	INVOICE	01/14/2022	Truck: 154bccolo	Accounts Receivable	182	12.77	96668	
SPL	INVOICE	01/14/2022	DC	Sales Income	182	-12.77	96668	0.28	45.61	
ENDTRNS	
TRNS	INVOICE	01/14/2022	Truck: 3203h.c./t	Accounts Receivable	154	0	96669	
SPL	INVOICE	01/14/2022	H2	Sales Income	154	0.0	96669	1.35	0.0	
ENDTRNS	
TRNS	INVOICE	01/14/2022	Truck: 154bden/t	Accounts Receivable	154	0	96670	
SPL	INVOICE	01/14/2022	I-2	Sales Income	154	0.0	96670	1.32	0.0	
ENDTRNS	
TRNS	INVOICE	01/14/2022	Truck: 154tf150	Accounts Receivable	154	0	96671	
SPL	INVOICE	01/14/2022	H2	Sales Income	154	0.0	96671	0.15	0.0	
ENDTRNS	
TRNS	INVOICE	01/14/2022	Truck: 2679	Accounts Receivable	173	0	96672	
SPL	INVOICE	01/14/2022	H-3	Sales Income	173	0.0	96672	29.42	0.0	
ENDTRNS	
TRNS	INVOICE	01/14/2022	Truck: 154bf150	Accounts Receivable	154	0	96673	
SPL	INVOICE	01/14/2022	H2	Sales Income	154	0.0	96673	0.17	0.0	
ENDTRNS	
TRNS	INVOICE	01/14/2022	Truck: 182davis	Accounts Receivable	182	119.93	96674	
SPL	INVOICE	01/14/2022	DC	Sales Income	182	-119.93	96674	2.63	45.6	
ENDTRNS	
TRNS	INVOICE	01/14/2022	Truck: 154wran	Accounts Receivable	154	0	96675	
SPL	INVOICE	01/14/2022	I-2	Sales Income	154	0.0	96675	0.1	0.0	
ENDTRNS	
TRNS	INVOICE	01/14/2022	Truck: 154wf150	Accounts Receivable	154	0	96676	
SPL	INVOICE	01/14/2022	H2	Sales Income	154	0.0	96676	0.03	0.0	
ENDTRNS	
TRNS	INVOICE	01/14/2022	Truck: 1921-I	Accounts Receivable	162	0	96677	
SPL	INVOICE	01/14/2022	I-2	Sales Income	162	0.0	96677	2.84	0.0	
ENDTRNS	
TRNS	INVOICE	01/14/2022	Truck: 154f350/	Accounts Receivable	154	0	96678	
SPL	INVOICE	01/14/2022	H2	Sales Income	154	0.0	96678	0.1	0.0	
ENDTRNS	
TRNS	INVOICE	01/14/2022	Truck: 154bf150	Accounts Receivable	154	0	96679	
SPL	INVOICE	01/14/2022	H2	Sales Income	154	0.0	96679	0.13	0.0	
ENDTRNS	
TRNS	INVOICE	01/14/2022	Truck: CoH2	Accounts Receivable	154	0	96680	
SPL	INVOICE	01/14/2022	I-2	Sales Income	154	0.0	96680	0.4	0.0	
ENDTRNS	
TRNS	INVOICE	01/14/2022	Truck: 154wram/	Accounts Receivable	154	0	96681	
SPL	INVOICE	01/14/2022	H2	Sales Income	154	0.0	96681	0.44	0.0	
ENDTRNS	
TRNS	INVOICE	01/14/2022	Truck: 154wpu	Accounts Receivable	154	0	96682	
SPL	INVOICE	01/14/2022	H2	Sales Income	154	0.0	96682	0.08	0.0	
ENDTRNS	
TRNS	INVOICE	01/14/2022	Truck: 154wfran	Accounts Receivable	182	3.65	96683	
SPL	INVOICE	01/14/2022	DC	Sales Income	182	-3.65	96683	0.08	45.62	
ENDTRNS	
TRNS	INVOICE	01/14/2022	Truck: 154bsuv	Accounts Receivable	154	0	96684	
SPL	INVOICE	01/14/2022	H2	Sales Income	154	0.0	96684	0.02	0.0	
ENDTRNS	
TRNS	INVOICE	01/14/2022	Truck: 182davis	Accounts Receivable	182	3.19	96685	
SPL	INVOICE	01/14/2022	DC	Sales Income	182	-3.19	96685	0.07	45.57	
ENDTRNS	
TRNS	INVOICE	01/14/2022	Truck: 1907	Accounts Receivable	162	0	96686	
SPL	INVOICE	01/14/2022	H-2	Sales Income	162	0.0	96686	1.4	0.0	
ENDTRNS	
TRNS	INVOICE	01/14/2022	Truck: 154wf250/	Accounts Receivable	182	11.86	96687	
SPL	INVOICE	01/14/2022	DC	Sales Income	182	-11.86	96687	0.26	45.62	
ENDTRNS	
TRNS	INVOICE	01/14/2022	Truck: 1706cal30	Accounts Receivable	240	71.59	96688	
SPL	INVOICE	01/14/2022	H1	Sales Income	240	-71.59	96688	1.57	45.6	
ENDTRNS	
TRNS	INVOICE	01/14/2022	Truck: 1906	Accounts Receivable	162	0	96689	
SPL	INVOICE	01/14/2022	H-2	Sales Income	162	0.0	96689	10.77	0.0	
ENDTRNS	
TRNS	INVOICE	01/14/2022	Truck: 154suv	Accounts Receivable	154	0	96690	
SPL	INVOICE	01/14/2022	H2	Sales Income	154	0.0	96690	0.01	0.0	
ENDTRNS	
TRNS	INVOICE	01/14/2022	Truck: 154rf150	Accounts Receivable	154	0	96691	
SPL	INVOICE	01/14/2022	H2	Sales Income	154	0.0	96691	0.11	0.0	
ENDTRNS	
TRNS	INVOICE	01/14/2022	Truck: 154bram	Accounts Receivable	154	0	96692	
SPL	INVOICE	01/14/2022	H2	Sales Income	154	0.0	96692	0.08	0.0	
ENDTRNS	
TRNS	INVOICE	01/14/2022	Truck: 1539prisde	Accounts Receivable	154	0	96693	
SPL	INVOICE	01/14/2022	H2	Sales Income	154	0.0	96693	0.07	0.0	
ENDTRNS	
TRNS	INVOICE	01/14/2022	Truck: 154bram	Accounts Receivable	154	0	96694	
SPL	INVOICE	01/14/2022	H2	Sales Income	154	0.0	96694	0.06	0.0	
ENDTRNS	
TRNS	INVOICE	01/14/2022	Truck: 154bcil	Accounts Receivable	154	0	96695	
SPL	INVOICE	01/14/2022	H2	Sales Income	154	0.0	96695	0.22	0.0	
ENDTRNS	
TRNS	INVOICE	01/14/2022	Truck: 154btac	Accounts Receivable	154	0	96696	
SPL	INVOICE	01/14/2022	H2	Sales Income	154	0.0	96696	0.07	0.0	
ENDTRNS	
TRNS	INVOICE	01/14/2022	Truck: 154tcs10	Accounts Receivable	154	0	96697	
SPL	INVOICE	01/14/2022	H2	Sales Income	154	0.0	96697	0.13	0.0	
ENDTRNS	
TRNS	INVOICE	01/14/2022	Truck: CoH2	Accounts Receivable	154	0	96698	
SPL	INVOICE	01/14/2022	I-2	Sales Income	154	0.0	96698	1.44	0.0	
ENDTRNS	
TRNS	INVOICE	01/14/2022	Truck: 154wcsil/t	Accounts Receivable	154	0	96699	
SPL	INVOICE	01/14/2022	H2	Sales Income	154	0.0	96699	0.45	0.0	
ENDTRNS	
TRNS	INVOICE	01/14/2022	Truck: 154rgmc	Accounts Receivable	154	0	96700	
SPL	INVOICE	01/14/2022	H2	Sales Income	154	0.0	96700	0.05	0.0	
ENDTRNS	
TRNS	INVOICE	01/14/2022	Truck: 1706cal30	Accounts Receivable	240	42.41	96701	
SPL	INVOICE	01/14/2022	H1	Sales Income	240	-42.41	96701	0.93	45.6	
ENDTRNS	
TRNS	INVOICE	01/14/2022	Truck: 154wsuv	Accounts Receivable	154	0	96702	
SPL	INVOICE	01/14/2022	H2	Sales Income	154	0.0	96702	0.14	0.0	
ENDTRNS	
TRNS	INVOICE	01/14/2022	Truck: 182wgc	Accounts Receivable	182	12.31	96703	
SPL	INVOICE	01/14/2022	DC	Sales Income	182	-12.31	96703	0.27	45.59	
ENDTRNS	
TRNS	INVOICE	01/14/2022	Truck: Co H 3	Accounts Receivable	154	0	96704	
SPL	INVOICE	01/14/2022	H-2	Sales Income	154	0.0	96704	0.07	0.0	
ENDTRNS	
TRNS	INVOICE	01/14/2022	Truck: 154wvan	Accounts Receivable	154	0	96705	
SPL	INVOICE	01/14/2022	H2	Sales Income	154	0.0	96705	0.08	0.0	
ENDTRNS	
TRNS	INVOICE	01/14/2022	Truck: 154rf150	Accounts Receivable	154	0	96706	
SPL	INVOICE	01/14/2022	H2	Sales Income	154	0.0	96706	0.11	0.0	
ENDTRNS	
TRNS	INVOICE	01/14/2022	Truck: 2679	Accounts Receivable	173	0	96707	
SPL	INVOICE	01/14/2022	H-3	Sales Income	173	0.0	96707	29.41	0.0	
ENDTRNS	
TRNS	INVOICE	01/14/2022	Truck: 154wf250/t	Accounts Receivable	154	0	96708	
SPL	INVOICE	01/14/2022	H2	Sales Income	154	0.0	96708	0.45	0.0	
ENDTRNS	
TRNS	INVOICE	01/14/2022	Truck: 154bf150	Accounts Receivable	154	0	96709	
SPL	INVOICE	01/14/2022	H2	Sales Income	154	0.0	96709	0.03	0.0	
ENDTRNS	
TRNS	INVOICE	01/14/2022	Truck: 1905	Accounts Receivable	162	0	96710	
SPL	INVOICE	01/14/2022	H-2	Sales Income	162	0.0	96710	6.17	0.0	
ENDTRNS	
TRNS	INVOICE	01/14/2022	Truck: 1925	Accounts Receivable	162	0	96711	
SPL	INVOICE	01/14/2022	H-2	Sales Income	162	0.0	96711	6.15	0.0	
ENDTRNS	
TRNS	INVOICE	01/15/2022	Truck: 154wsuv/t	Accounts Receivable	154	0	96712	
SPL	INVOICE	01/15/2022	H2	Sales Income	154	0.0	96712	0.39	0.0	
ENDTRNS	
TRNS	INVOICE	01/15/2022	Truck: 154rjeep/	Accounts Receivable	154	0	96713	
SPL	INVOICE	01/15/2022	I-2	Sales Income	154	0.0	96713	0.48	0.0	
ENDTRNS	
TRNS	INVOICE	01/15/2022	Truck: 154rcs10	Accounts Receivable	154	0	96714	
SPL	INVOICE	01/15/2022	I-2	Sales Income	154	0.0	96714	0.12	0.0	
ENDTRNS	
TRNS	INVOICE	01/15/2022	Truck: 182wf250/t	Accounts Receivable	154	57.46	96715	
SPL	INVOICE	01/15/2022	DC	Sales Income	154	-57.46	96715	1.26	45.6	
ENDTRNS	
TRNS	INVOICE	01/15/2022	Truck: 154wcolo	Accounts Receivable	154	0	96716	
SPL	INVOICE	01/15/2022	H2	Sales Income	154	0.0	96716	0.04	0.0	
ENDTRNS	
TRNS	INVOICE	01/15/2022	Truck: 2679	Accounts Receivable	173	0	96717	
SPL	INVOICE	01/15/2022	H-3	Sales Income	173	0.0	96717	32.77	0.0	
ENDTRNS	
TRNS	INVOICE	01/15/2022	Truck: 154wgmc	Accounts Receivable	154	0	96718	
SPL	INVOICE	01/15/2022	H2	Sales Income	154	0.0	96718	0.12	0.0	
ENDTRNS	
TRNS	INVOICE	01/15/2022	Truck: 154gsuv/t	Accounts Receivable	154	0	96719	
SPL	INVOICE	01/15/2022	W-2 (White Goods)	Sales Income	154	0.0	96719	0.1	0.0	
ENDTRNS	
TRNS	INVOICE	01/15/2022	Truck: 154bf350/	Accounts Receivable	154	0	96720	
SPL	INVOICE	01/15/2022	H2	Sales Income	154	0.0	96720	0.54	0.0	
ENDTRNS	
TRNS	INVOICE	01/15/2022	Truck: 154bgmc/t	Accounts Receivable	154	0	96721	
SPL	INVOICE	01/15/2022	H2	Sales Income	154	0.0	96721	0.36	0.0	
ENDTRNS	
TRNS	INVOICE	01/15/2022	Truck: 154wfran	Accounts Receivable	154	0	96722	
SPL	INVOICE	01/15/2022	H2	Sales Income	154	0.0	96722	0.1	0.0	
ENDTRNS	
TRNS	INVOICE	01/15/2022	Truck: 154car	Accounts Receivable	154	0	96723	
SPL	INVOICE	01/15/2022	H2	Sales Income	154	0.0	96723	0.04	0.0	
ENDTRNS	
TRNS	INVOICE	01/15/2022	Truck: 154wf150/	Accounts Receivable	154	0	96724	
SPL	INVOICE	01/15/2022	H2	Sales Income	154	0.0	96724	0.26	0.0	
ENDTRNS	
TRNS	INVOICE	01/15/2022	Truck: CoH2	Accounts Receivable	154	0	96725	
SPL	INVOICE	01/15/2022	I-2	Sales Income	154	0.0	96725	1.02	0.0	
ENDTRNS	
TRNS	INVOICE	01/15/2022	Truck: 154wch	Accounts Receivable	154	0	96726	
SPL	INVOICE	01/15/2022	H2	Sales Income	154	0.0	96726	0.03	0.0	
ENDTRNS	
TRNS	INVOICE	01/15/2022	Truck: 154bsilv/t	Accounts Receivable	154	0	96727	
SPL	INVOICE	01/15/2022	I-2	Sales Income	154	0.0	96727	0.2	0.0	
ENDTRNS	
TRNS	INVOICE	01/15/2022	Truck: 154bgmc/t	Accounts Receivable	154	0	96728	
SPL	INVOICE	01/15/2022	I-2	Sales Income	154	0.0	96728	1.79	0.0	
ENDTRNS	
TRNS	INVOICE	01/15/2022	Truck: 154bf150	Accounts Receivable	154	0	96729	
SPL	INVOICE	01/15/2022	H2	Sales Income	154	0.0	96729	0.33	0.0	
ENDTRNS	
TRNS	INVOICE	01/15/2022	Truck: 154gf250	Accounts Receivable	154	0	96730	
SPL	INVOICE	01/15/2022	H2	Sales Income	154	0.0	96730	0.04	0.0	
ENDTRNS	
TRNS	INVOICE	01/15/2022	Truck: 154bsilv	Accounts Receivable	154	0	96731	
SPL	INVOICE	01/15/2022	H2	Sales Income	154	0.0	96731	0.19	0.0	
ENDTRNS	
TRNS	INVOICE	01/15/2022	Truck: 154wf150	Accounts Receivable	154	0	96732	
SPL	INVOICE	01/15/2022	H2	Sales Income	154	0.0	96732	0.02	0.0	
ENDTRNS	
TRNS	INVOICE	01/15/2022	Truck: 154bc1500	Accounts Receivable	154	0	96733	
SPL	INVOICE	01/15/2022	H2	Sales Income	154	0.0	96733	0.02	0.0	
ENDTRNS	
TRNS	INVOICE	01/15/2022	Truck: 154gc1500/	Accounts Receivable	154	0	96734	
SPL	INVOICE	01/15/2022	H2	Sales Income	154	0.0	96734	0.63	0.0	
ENDTRNS	
TRNS	INVOICE	01/15/2022	Truck: 154mf150	Accounts Receivable	154	0	96735	
SPL	INVOICE	01/15/2022	H2	Sales Income	154	0.0	96735	0.19	0.0	
ENDTRNS	
TRNS	INVOICE	01/15/2022	Truck: 154bram	Accounts Receivable	154	0	96736	
SPL	INVOICE	01/15/2022	H2	Sales Income	154	0.0	96736	0.06	0.0	
ENDTRNS	
TRNS	INVOICE	01/15/2022	Truck: 154uhvan	Accounts Receivable	154	0	96737	
SPL	INVOICE	01/15/2022	H2	Sales Income	154	0.0	96737	0.2	0.0	
ENDTRNS	
TRNS	INVOICE	01/15/2022	Truck: 154gtun/	Accounts Receivable	182	49.7	96738	
SPL	INVOICE	01/15/2022	DC	Sales Income	182	-49.7	96738	1.09	45.6	
ENDTRNS	
TRNS	INVOICE	01/15/2022	Truck: 154btun/t	Accounts Receivable	154	0	96739	
SPL	INVOICE	01/15/2022	H2	Sales Income	154	0.0	96739	1.53	0.0	
ENDTRNS	
TRNS	INVOICE	01/15/2022	Truck: 154gc1500	Accounts Receivable	154	0	96740	
SPL	INVOICE	01/15/2022	H2	Sales Income	154	0.0	96740	0.61	0.0	
ENDTRNS	
TRNS	INVOICE	01/15/2022	Truck: 154wccolo	Accounts Receivable	182	7.3	96741	
SPL	INVOICE	01/15/2022	DC	Sales Income	182	-7.3	96741	0.16	45.62	
ENDTRNS	
TRNS	INVOICE	01/15/2022	Truck: 154van	Accounts Receivable	154	0	96742	
SPL	INVOICE	01/15/2022	H2	Sales Income	154	0.0	96742	0.1	0.0	
ENDTRNS	
TRNS	INVOICE	01/15/2022	Truck: 154bcsilv	Accounts Receivable	154	0	96743	
SPL	INVOICE	01/15/2022	H2	Sales Income	154	0.0	96743	0.16	0.0	
ENDTRNS	
TRNS	INVOICE	01/15/2022	Truck: 154bgmc/	Accounts Receivable	154	0	96744	
SPL	INVOICE	01/15/2022	H2	Sales Income	154	0.0	96744	0.02	0.0	
ENDTRNS	
TRNS	INVOICE	01/15/2022	Truck: 154gram	Accounts Receivable	154	0	96745	
SPL	INVOICE	01/15/2022	H2	Sales Income	154	0.0	96745	0.02	0.0	
ENDTRNS	
TRNS	INVOICE	01/15/2022	Truck: 154wsuv/	Accounts Receivable	154	0	96746	
SPL	INVOICE	01/15/2022	I-2	Sales Income	154	0.0	96746	0.12	0.0	
ENDTRNS	
TRNS	INVOICE	01/15/2022	Truck: 154wd/t	Accounts Receivable	154	0	96747	
SPL	INVOICE	01/15/2022	H2	Sales Income	154	0.0	96747	0.38	0.0	
ENDTRNS	
TRNS	INVOICE	01/15/2022	Truck: 182wvan/	Accounts Receivable	182	15.96	96748	
SPL	INVOICE	01/15/2022	DC	Sales Income	182	-15.96	96748	0.35	45.6	
ENDTRNS	
TRNS	INVOICE	01/15/2022	Truck: 154bf350/t	Accounts Receivable	154	0	96749	
SPL	INVOICE	01/15/2022	H2	Sales Income	154	0.0	96749	0.47	0.0	
ENDTRNS	
TRNS	INVOICE	01/15/2022	Truck: 154wvan	Accounts Receivable	154	0	96750	
SPL	INVOICE	01/15/2022	H2	Sales Income	154	0.0	96750	0.65	0.0	
ENDTRNS	
TRNS	INVOICE	01/15/2022	Truck: 154wgmc	Accounts Receivable	154	0	96751	
SPL	INVOICE	01/15/2022	H2	Sales Income	154	0.0	96751	0.09	0.0	
ENDTRNS	
TRNS	INVOICE	01/15/2022	Truck: 154rtac	Accounts Receivable	154	0	96752	
SPL	INVOICE	01/15/2022	H2	Sales Income	154	0.0	96752	0.1	0.0	
ENDTRNS	
TRNS	INVOICE	01/15/2022	Truck: 154wtund/t	Accounts Receivable	182	16.87	96753	
SPL	INVOICE	01/15/2022	DC	Sales Income	182	-16.87	96753	0.37	45.59	
ENDTRNS	
TRNS	INVOICE	01/15/2022	Truck: 154btun/	Accounts Receivable	154	0	96754	
SPL	INVOICE	01/15/2022	I-2	Sales Income	154	0.0	96754	1.66	0.0	
ENDTRNS	
TRNS	INVOICE	01/15/2022	Truck: 154rmazd	Accounts Receivable	154	0	96755	
SPL	INVOICE	01/15/2022	I-2	Sales Income	154	0.0	96755	0.65	0.0	
ENDTRNS	
TRNS	INVOICE	01/15/2022	Truck: 154ttac	Accounts Receivable	154	0	96756	
SPL	INVOICE	01/15/2022	I-2	Sales Income	154	0.0	96756	0.02	0.0	
ENDTRNS	
TRNS	INVOICE	01/15/2022	Truck: 154bcs10	Accounts Receivable	154	0	96757	
SPL	INVOICE	01/15/2022	I-2	Sales Income	154	0.0	96757	0.05	0.0	
ENDTRNS	
TRNS	INVOICE	01/15/2022	Truck: 154gram	Accounts Receivable	154	0	96758	
SPL	INVOICE	01/15/2022	H2	Sales Income	154	0.0	96758	0.12	0.0	
ENDTRNS	
TRNS	INVOICE	01/15/2022	Truck: 154bf150/	Accounts Receivable	154	0	96759	
SPL	INVOICE	01/15/2022	H2	Sales Income	154	0.0	96759	0.43	0.0	
ENDTRNS	
TRNS	INVOICE	01/15/2022	Truck: 2679	Accounts Receivable	173	0	96760	
SPL	INVOICE	01/15/2022	H-3	Sales Income	173	0.0	96760	26.7	0.0	
ENDTRNS	
TRNS	INVOICE	01/15/2022	Truck: 154suv	Accounts Receivable	154	0	96761	
SPL	INVOICE	01/15/2022	H2	Sales Income	154	0.0	96761	0.04	0.0	
ENDTRNS	
TRNS	INVOICE	01/15/2022	Truck: 154van	Accounts Receivable	154	0	96762	
SPL	INVOICE	01/15/2022	H2	Sales Income	154	0.0	96762	0.12	0.0	
ENDTRNS	
TRNS	INVOICE	01/15/2022	Truck: 154gf150/	Accounts Receivable	182	102.6	96763	
SPL	INVOICE	01/15/2022	DC	Sales Income	182	-102.6	96763	2.25	45.6	
ENDTRNS	
TRNS	INVOICE	01/15/2022	Truck: 154bram	Accounts Receivable	154	0	96764	
SPL	INVOICE	01/15/2022	H2	Sales Income	154	0.0	96764	0.02	0.0	
ENDTRNS	
TRNS	INVOICE	01/15/2022	Truck: 154wram/	Accounts Receivable	154	0	96765	
SPL	INVOICE	01/15/2022	H2	Sales Income	154	0.0	96765	0.17	0.0	
ENDTRNS	
TRNS	INVOICE	01/15/2022	Truck: 154sfran	Accounts Receivable	154	0	96766	
SPL	INVOICE	01/15/2022	I-2	Sales Income	154	0.0	96766	0.41	0.0	
ENDTRNS	
TRNS	INVOICE	01/15/2022	Truck: 154car	Accounts Receivable	154	0	96767	
SPL	INVOICE	01/15/2022	H2	Sales Income	154	0.0	96767	0.02	0.0	
ENDTRNS	
TRNS	INVOICE	01/15/2022	Truck: 154rjeep/	Accounts Receivable	154	0	96768	
SPL	INVOICE	01/15/2022	I-2	Sales Income	154	0.0	96768	0.52	0.0	
ENDTRNS	
TRNS	INVOICE	01/15/2022	Truck: 154wf150/t	Accounts Receivable	154	0	96769	
SPL	INVOICE	01/15/2022	I-2	Sales Income	154	0.0	96769	0.27	0.0	
ENDTRNS	
TRNS	INVOICE	01/15/2022	Truck: 154bram/	Accounts Receivable	154	0	96770	
SPL	INVOICE	01/15/2022	H2	Sales Income	154	0.0	96770	0.32	0.0	
ENDTRNS	
TRNS	INVOICE	01/15/2022	Truck: 154rf350	Accounts Receivable	154	0	96771	
SPL	INVOICE	01/15/2022	H2	Sales Income	154	0.0	96771	0.12	0.0	
ENDTRNS	
TRNS	INVOICE	01/15/2022	Truck: 154wvan/	Accounts Receivable	154	21.89	96772	
SPL	INVOICE	01/15/2022	DC	Sales Income	154	-21.89	96772	0.48	45.6	
ENDTRNS	
TRNS	INVOICE	01/15/2022	Truck: 154bf150	Accounts Receivable	154	0	96773	
SPL	INVOICE	01/15/2022	H2	Sales Income	154	0.0	96773	0.11	0.0	
ENDTRNS	
TRNS	INVOICE	01/15/2022	Truck: 154btac/t	Accounts Receivable	154	0	96774	
SPL	INVOICE	01/15/2022	H2	Sales Income	154	0.0	96774	0.13	0.0	
ENDTRNS	
TRNS	INVOICE	01/15/2022	Truck: 154van	Accounts Receivable	154	0	96775	
SPL	INVOICE	01/15/2022	H2	Sales Income	154	0.0	96775	0.13	0.0	
ENDTRNS	
TRNS	INVOICE	01/15/2022	Truck: 154bf150	Accounts Receivable	154	0	96776	
SPL	INVOICE	01/15/2022	H2	Sales Income	154	0.0	96776	0.06	0.0	
ENDTRNS	
TRNS	INVOICE	01/15/2022	Truck: 154rgmc	Accounts Receivable	154	0	96777	
SPL	INVOICE	01/15/2022	W-2 (White Goods)	Sales Income	154	0.0	96777	0.09	0.0	
ENDTRNS	
TRNS	INVOICE	01/15/2022	Truck: 154mram	Accounts Receivable	154	0	96778	
SPL	INVOICE	01/15/2022	H2	Sales Income	154	0.0	96778	0.02	0.0	
ENDTRNS	
TRNS	INVOICE	01/15/2022	Truck: 154bsilv	Accounts Receivable	154	0	96779	
SPL	INVOICE	01/15/2022	H2	Sales Income	154	0.0	96779	0.4	0.0	
ENDTRNS	
TRNS	INVOICE	01/15/2022	Truck: 154bfcust	Accounts Receivable	154	0	96780	
SPL	INVOICE	01/15/2022	H2	Sales Income	154	0.0	96780	0.07	0.0	
ENDTRNS	
TRNS	INVOICE	01/15/2022	Truck: 154tmazd	Accounts Receivable	154	0	96782	
SPL	INVOICE	01/15/2022	H2	Sales Income	154	0.0	96782	0.07	0.0	
ENDTRNS	
TRNS	INVOICE	01/15/2022	Truck: 154btac	Accounts Receivable	154	0	96783	
SPL	INVOICE	01/15/2022	I-2	Sales Income	154	0.0	96783	0.07	0.0	
ENDTRNS	
TRNS	INVOICE	01/15/2022	Truck: 154mccolo	Accounts Receivable	154	0	96784	
SPL	INVOICE	01/15/2022	H2	Sales Income	154	0.0	96784	0.25	0.0	
ENDTRNS	
TRNS	INVOICE	01/15/2022	Truck: 154bram25	Accounts Receivable	154	0	96785	
SPL	INVOICE	01/15/2022	H2	Sales Income	154	0.0	96785	0.05	0.0	
ENDTRNS	
TRNS	INVOICE	01/15/2022	Truck: 154bf150	Accounts Receivable	154	0	96786	
SPL	INVOICE	01/15/2022	H2	Sales Income	154	0.0	96786	0.09	0.0	
ENDTRNS	
TRNS	INVOICE	01/15/2022	Truck: 154gf150/t	Accounts Receivable	154	0	96787	
SPL	INVOICE	01/15/2022	H2	Sales Income	154	0.0	96787	1.4	0.0	
ENDTRNS	
TRNS	INVOICE	01/15/2022	Truck: 154bcsilv	Accounts Receivable	154	0	96788	
SPL	INVOICE	01/15/2022	W-2 (White Goods)	Sales Income	154	0.0	96788	0.14	0.0	
ENDTRNS	
TRNS	INVOICE	01/15/2022	Truck: 154bram	Accounts Receivable	154	0	96789	
SPL	INVOICE	01/15/2022	H2	Sales Income	154	0.0	96789	0.1	0.0	
ENDTRNS	
TRNS	INVOICE	01/15/2022	Truck: 154sche	Accounts Receivable	154	0	96790	
SPL	INVOICE	01/15/2022	H2	Sales Income	154	0.0	96790	0.05	0.0	
ENDTRNS	
TRNS	INVOICE	01/15/2022	Truck: 154wc250	Accounts Receivable	154	0	96791	
SPL	INVOICE	01/15/2022	H2	Sales Income	154	0.0	96791	0.21	0.0	
ENDTRNS	
TRNS	INVOICE	01/15/2022	Truck: 154tgmc	Accounts Receivable	154	0	96792	
SPL	INVOICE	01/15/2022	H2	Sales Income	154	0.0	96792	0.06	0.0	
ENDTRNS	
TRNS	INVOICE	01/15/2022	Truck: 154wf250/t	Accounts Receivable	154	0	96793	
SPL	INVOICE	01/15/2022	H2	Sales Income	154	0.0	96793	0.36	0.0	
ENDTRNS	
TRNS	INVOICE	01/15/2022	Truck: 154tram150	Accounts Receivable	154	0	96794	
SPL	INVOICE	01/15/2022	H2	Sales Income	154	0.0	96794	0.04	0.0	
ENDTRNS	
TRNS	INVOICE	01/15/2022	Truck: 154wgmc	Accounts Receivable	154	0	96795	
SPL	INVOICE	01/15/2022	H2	Sales Income	154	0.0	96795	0.1	0.0	
ENDTRNS	
TRNS	INVOICE	01/15/2022	Truck: 182w4x4	Accounts Receivable	182	74.33	96796	
SPL	INVOICE	01/15/2022	DC	Sales Income	182	-74.33	96796	1.63	45.6	
ENDTRNS	
TRNS	INVOICE	01/15/2022	Truck: 154suv/t	Accounts Receivable	154	0	96797	
SPL	INVOICE	01/15/2022	H2	Sales Income	154	0.0	96797	0.27	0.0	
ENDTRNS	
TRNS	INVOICE	01/15/2022	Truck: 154wgmc/t	Accounts Receivable	154	0	96798	
SPL	INVOICE	01/15/2022	I-2	Sales Income	154	0.0	96798	2.02	0.0	
ENDTRNS	
TRNS	INVOICE	01/15/2022	Truck: 154gtac	Accounts Receivable	154	0	96799	
SPL	INVOICE	01/15/2022	H2	Sales Income	154	0.0	96799	0.42	0.0	
ENDTRNS	
TRNS	INVOICE	01/15/2022	Truck: 154wf150/t	Accounts Receivable	154	0	96800	
SPL	INVOICE	01/15/2022	I-2	Sales Income	154	0.0	96800	0.14	0.0	
ENDTRNS	
TRNS	INVOICE	01/15/2022	Truck: 154rf150	Accounts Receivable	154	0	96801	
SPL	INVOICE	01/15/2022	H2	Sales Income	154	0.0	96801	0.09	0.0	
ENDTRNS	
TRNS	INVOICE	01/15/2022	Truck: 154bf350/t	Accounts Receivable	154	0	96802	
SPL	INVOICE	01/15/2022	H2	Sales Income	154	0.0	96802	0.66	0.0	
ENDTRNS	
TRNS	INVOICE	01/15/2022	Truck: 154ttac	Accounts Receivable	154	0	96803	
SPL	INVOICE	01/15/2022	H2	Sales Income	154	0.0	96803	0.05	0.0	
ENDTRNS	
TRNS	INVOICE	01/15/2022	Truck: 154mra1500	Accounts Receivable	154	0	96804	
SPL	INVOICE	01/15/2022	I-2	Sales Income	154	0.0	96804	0.13	0.0	
ENDTRNS	
TRNS	INVOICE	01/15/2022	Truck: 154btun/t	Accounts Receivable	154	0	96805	
SPL	INVOICE	01/15/2022	I-2	Sales Income	154	0.0	96805	0.79	0.0	
ENDTRNS	
TRNS	INVOICE	01/15/2022	Truck: 154bc150/	Accounts Receivable	154	0	96806	
SPL	INVOICE	01/15/2022	H2	Sales Income	154	0.0	96806	0.53	0.0	
ENDTRNS	
TRNS	INVOICE	01/15/2022	Truck: 154tf250/t	Accounts Receivable	154	0	96807	
SPL	INVOICE	01/15/2022	H2	Sales Income	154	0.0	96807	0.28	0.0	
ENDTRNS	
TRNS	INVOICE	01/15/2022	Truck: 154mram	Accounts Receivable	154	0	96808	
SPL	INVOICE	01/15/2022	H2	Sales Income	154	0.0	96808	0.2	0.0	
ENDTRNS	
TRNS	INVOICE	01/15/2022	Truck: 154rram	Accounts Receivable	154	0	96810	
SPL	INVOICE	01/15/2022	H2	Sales Income	154	0.0	96810	0.22	0.0	
ENDTRNS	
TRNS	INVOICE	01/15/2022	Truck: 154wgmc/t	Accounts Receivable	154	0	96811	
SPL	INVOICE	01/15/2022	H2	Sales Income	154	0.0	96811	0.39	0.0	
ENDTRNS	
TRNS	INVOICE	01/15/2022	Truck: 154wgmc	Accounts Receivable	154	0	96812	
SPL	INVOICE	01/15/2022	H2	Sales Income	154	0.0	96812	0.1	0.0	
ENDTRNS	
TRNS	INVOICE	01/15/2022	Truck: 154btun	Accounts Receivable	154	0	96813	
SPL	INVOICE	01/15/2022	H2	Sales Income	154	0.0	96813	0.01	0.0	
ENDTRNS	
TRNS	INVOICE	01/15/2022	Truck: 154wsuv	Accounts Receivable	154	0	96814	
SPL	INVOICE	01/15/2022	H2	Sales Income	154	0.0	96814	0.07	0.0	
ENDTRNS	
TRNS	INVOICE	01/15/2022	Truck: 154suv/t	Accounts Receivable	154	0	96815	
SPL	INVOICE	01/15/2022	H2	Sales Income	154	0.0	96815	0.15	0.0	
ENDTRNS	
TRNS	INVOICE	01/15/2022	Truck: 154wsuv/tr	Accounts Receivable	154	0	96816	
SPL	INVOICE	01/15/2022	I-2	Sales Income	154	0.0	96816	0.13	0.0	
ENDTRNS	
TRNS	INVOICE	01/15/2022	Truck: 154bf250/t	Accounts Receivable	154	0	96817	
SPL	INVOICE	01/15/2022	I-2	Sales Income	154	0.0	96817	0.26	0.0	
ENDTRNS	
TRNS	INVOICE	01/15/2022	Truck: 154scolor	Accounts Receivable	154	0	96818	
SPL	INVOICE	01/15/2022	H2	Sales Income	154	0.0	96818	0.03	0.0	
ENDTRNS	
TRNS	INVOICE	01/18/2022	Truck: 1001JCGCOM	Accounts Receivable	240	123.58	96819	
SPL	INVOICE	01/18/2022	H1	Sales Income	240	-123.58	96819	2.71	45.6	
ENDTRNS	
TRNS	INVOICE	01/18/2022	Truck: 154rjeep/	Accounts Receivable	154	0	96820	
SPL	INVOICE	01/18/2022	H2	Sales Income	154	0.0	96820	0.25	0.0	
ENDTRNS	
TRNS	INVOICE	01/18/2022	Truck: 154white/	Accounts Receivable	122	17.33	96821	
SPL	INVOICE	01/18/2022	DC	Sales Income	122	-17.33	96821	0.38	45.61	
ENDTRNS	
TRNS	INVOICE	01/18/2022	Truck: 154wram/t	Accounts Receivable	239	163.7	96822	
SPL	INVOICE	01/18/2022	DC	Sales Income	239	-163.7	96822	3.59	45.6	
ENDTRNS	
TRNS	INVOICE	01/18/2022	Truck: 154btitan	Accounts Receivable	154	0	96823	
SPL	INVOICE	01/18/2022	H2	Sales Income	154	0.0	96823	0.13	0.0	
ENDTRNS	
TRNS	INVOICE	01/18/2022	Truck: 182davis	Accounts Receivable	182	62.47	96824	
SPL	INVOICE	01/18/2022	DC	Sales Income	182	-62.47	96824	1.37	45.6	
ENDTRNS	
TRNS	INVOICE	01/18/2022	Truck: 154jeep/	Accounts Receivable	154	0	96825	
SPL	INVOICE	01/18/2022	H2	Sales Income	154	0.0	96825	0.5	0.0	
ENDTRNS	
TRNS	INVOICE	01/18/2022	Truck: 154bgmc/t	Accounts Receivable	154	0	96826	
SPL	INVOICE	01/18/2022	H2	Sales Income	154	0.0	96826	0.63	0.0	
ENDTRNS	
TRNS	INVOICE	01/18/2022	Truck: 1 2 3	Accounts Receivable	154	0	96827	
SPL	INVOICE	01/18/2022	H-2	Sales Income	154	0.0	96827	1.88	0.0	
ENDTRNS	
TRNS	INVOICE	01/18/2022	Truck: 182ttacom	Accounts Receivable	154	0	96828	
SPL	INVOICE	01/18/2022	H2	Sales Income	154	0.0	96828	0.12	0.0	
ENDTRNS	
TRNS	INVOICE	01/18/2022	Truck: 1001PMRV20	Accounts Receivable	240	93.02	96829	
SPL	INVOICE	01/18/2022	H1	Sales Income	240	-93.02	96829	2.04	45.6	
ENDTRNS	
TRNS	INVOICE	01/18/2022	Truck: 182dumpit	Accounts Receivable	182	23.71	96830	
SPL	INVOICE	01/18/2022	DC	Sales Income	182	-23.71	96830	0.52	45.6	
ENDTRNS	
TRNS	INVOICE	01/18/2022	Truck: 154rf150/t	Accounts Receivable	154	0	96831	
SPL	INVOICE	01/18/2022	H2	Sales Income	154	0.0	96831	1.15	0.0	
ENDTRNS	
TRNS	INVOICE	01/18/2022	Truck: 154wd/t	Accounts Receivable	182	134.52	96832	
SPL	INVOICE	01/18/2022	DC	Sales Income	182	-134.52	96832	2.95	45.6	
ENDTRNS	
TRNS	INVOICE	01/18/2022	Truck: 154bf150	Accounts Receivable	154	0	96833	
SPL	INVOICE	01/18/2022	H2	Sales Income	154	0.0	96833	0.08	0.0	
ENDTRNS	
TRNS	INVOICE	01/18/2022	Truck: 182davis	Accounts Receivable	182	66.12	96834	
SPL	INVOICE	01/18/2022	DC	Sales Income	182	-66.12	96834	1.45	45.6	
ENDTRNS	
TRNS	INVOICE	01/18/2022	Truck: 154bs10	Accounts Receivable	154	0	96836	
SPL	INVOICE	01/18/2022	H2	Sales Income	154	0.0	96836	0.11	0.0	
ENDTRNS	
TRNS	INVOICE	01/18/2022	Truck: 154bram/t	Accounts Receivable	154	0	96837	
SPL	INVOICE	01/18/2022	H2	Sales Income	154	0.0	96837	0.65	0.0	
ENDTRNS	
TRNS	INVOICE	01/18/2022	Truck: Renne's 94	Accounts Receivable	194	37.39	96838	
SPL	INVOICE	01/18/2022	H1	Sales Income	194	-37.39	96838	0.82	45.6	
ENDTRNS	
TRNS	INVOICE	01/18/2022	Truck: 154scsilve	Accounts Receivable	154	0	96839	
SPL	INVOICE	01/18/2022	H2	Sales Income	154	0.0	96839	0.02	0.0	
ENDTRNS	
TRNS	INVOICE	01/18/2022	Truck: 154bsier	Accounts Receivable	154	0	96840	
SPL	INVOICE	01/18/2022	H2	Sales Income	154	0.0	96840	0.04	0.0	
ENDTRNS	
TRNS	INVOICE	01/18/2022	Truck: 2679	Accounts Receivable	173	0	96841	
SPL	INVOICE	01/18/2022	H-3	Sales Income	173	0.0	96841	25.38	0.0	
ENDTRNS	
TRNS	INVOICE	01/18/2022	Truck: 154g2500	Accounts Receivable	154	0	96842	
SPL	INVOICE	01/18/2022	H2	Sales Income	154	0.0	96842	0.13	0.0	
ENDTRNS	
TRNS	INVOICE	01/18/2022	Truck: 1904	Accounts Receivable	162	0	96843	
SPL	INVOICE	01/18/2022	H-2	Sales Income	162	0.0	96843	5.73	0.0	
ENDTRNS	
TRNS	INVOICE	01/18/2022	Truck: 1906	Accounts Receivable	162	0	96844	
SPL	INVOICE	01/18/2022	H-2	Sales Income	162	0.0	96844	5.06	0.0	
ENDTRNS	
TRNS	INVOICE	01/18/2022	Truck: 154w250	Accounts Receivable	182	8.66	96845	
SPL	INVOICE	01/18/2022	DC	Sales Income	182	-8.66	96845	0.19	45.58	
ENDTRNS	
TRNS	INVOICE	01/18/2022	Truck: 154wram/t	Accounts Receivable	154	0	96846	
SPL	INVOICE	01/18/2022	H2	Sales Income	154	0.0	96846	0.27	0.0	
ENDTRNS	
TRNS	INVOICE	01/18/2022	Truck: 1924	Accounts Receivable	162	0	96847	
SPL	INVOICE	01/18/2022	H-2	Sales Income	162	0.0	96847	4.78	0.0	
ENDTRNS	
TRNS	INVOICE	01/18/2022	Truck: 1925	Accounts Receivable	162	0	96848	
SPL	INVOICE	01/18/2022	H-2	Sales Income	162	0.0	96848	6.57	0.0	
ENDTRNS	
TRNS	INVOICE	01/18/2022	Truck: 238	Accounts Receivable	238	63.84	96849	
SPL	INVOICE	01/18/2022	DC	Sales Income	238	-63.84	96849	1.4	45.6	
ENDTRNS	
TRNS	INVOICE	01/18/2022	Truck: 154bsuv	Accounts Receivable	154	0	96850	
SPL	INVOICE	01/18/2022	H2	Sales Income	154	0.0	96850	0.03	0.0	
ENDTRNS	
TRNS	INVOICE	01/18/2022	Truck: 154bf150/t	Accounts Receivable	154	0	96851	
SPL	INVOICE	01/18/2022	H2	Sales Income	154	0.0	96851	0.51	0.0	
ENDTRNS	
TRNS	INVOICE	01/18/2022	Truck: 154suv	Accounts Receivable	154	0	96852	
SPL	INVOICE	01/18/2022	H2	Sales Income	154	0.0	96852	0.05	0.0	
ENDTRNS	
TRNS	INVOICE	01/18/2022	Truck: 154suv/t	Accounts Receivable	154	0	96853	
SPL	INVOICE	01/18/2022	H2	Sales Income	154	0.0	96853	0.06	0.0	
ENDTRNS	
TRNS	INVOICE	01/18/2022	Truck: 154siver	Accounts Receivable	154	0	96854	
SPL	INVOICE	01/18/2022	H2	Sales Income	154	0.0	96854	0.03	0.0	
ENDTRNS	
TRNS	INVOICE	01/18/2022	Truck: 154bram	Accounts Receivable	154	0	96855	
SPL	INVOICE	01/18/2022	H2	Sales Income	154	0.0	96855	0.05	0.0	
ENDTRNS	
TRNS	INVOICE	01/18/2022	Truck: 154gf150/	Accounts Receivable	154	0	96856	
SPL	INVOICE	01/18/2022	H2	Sales Income	154	0.0	96856	0.24	0.0	
ENDTRNS	
TRNS	INVOICE	01/18/2022	Truck: 1905	Accounts Receivable	162	0	96857	
SPL	INVOICE	01/18/2022	H-2	Sales Income	162	0.0	96857	6.83	0.0	
ENDTRNS	
TRNS	INVOICE	01/18/2022	Truck: 154bf150	Accounts Receivable	154	0	96858	
SPL	INVOICE	01/18/2022	H2	Sales Income	154	0.0	96858	0.07	0.0	
ENDTRNS	
TRNS	INVOICE	01/18/2022	Truck: 154wram	Accounts Receivable	154	0	96859	
SPL	INVOICE	01/18/2022	H2	Sales Income	154	0.0	96859	0.05	0.0	
ENDTRNS	
TRNS	INVOICE	01/18/2022	Truck: 154stac	Accounts Receivable	154	0	96860	
SPL	INVOICE	01/18/2022	H2	Sales Income	154	0.0	96860	0.23	0.0	
ENDTRNS	
TRNS	INVOICE	01/18/2022	Truck: 154car	Accounts Receivable	154	0	96861	
SPL	INVOICE	01/18/2022	H2	Sales Income	154	0.0	96861	0	0.0	
ENDTRNS	
TRNS	INVOICE	01/18/2022	Truck: 154wf250	Accounts Receivable	154	0	96862	
SPL	INVOICE	01/18/2022	H2	Sales Income	154	0.0	96862	0.06	0.0	
ENDTRNS	
TRNS	INVOICE	01/18/2022	Truck: CoH2	Accounts Receivable	154	0	96863	
SPL	INVOICE	01/18/2022	I-2	Sales Income	154	0.0	96863	0.24	0.0	
ENDTRNS	
TRNS	INVOICE	01/18/2022	Truck: 2679	Accounts Receivable	173	0	96864	
SPL	INVOICE	01/18/2022	H-3	Sales Income	173	0.0	96864	30.08	0.0	
ENDTRNS	
TRNS	INVOICE	01/18/2022	Truck: 1904	Accounts Receivable	162	0	96865	
SPL	INVOICE	01/18/2022	H-2	Sales Income	162	0.0	96865	5.58	0.0	
ENDTRNS	
TRNS	INVOICE	01/18/2022	Truck: 154gccolor	Accounts Receivable	154	0	96866	
SPL	INVOICE	01/18/2022	H2	Sales Income	154	0.0	96866	0.24	0.0	
ENDTRNS	
TRNS	INVOICE	01/18/2022	Truck: 154suv	Accounts Receivable	154	0	96867	
SPL	INVOICE	01/18/2022	H2	Sales Income	154	0.0	96867	0.05	0.0	
ENDTRNS	
TRNS	INVOICE	01/18/2022	Truck: 154bram150	Accounts Receivable	154	0	96868	
SPL	INVOICE	01/18/2022	H2	Sales Income	154	0.0	96868	0.17	0.0	
ENDTRNS	
TRNS	INVOICE	01/18/2022	Truck: 154stun	Accounts Receivable	154	0	96869	
SPL	INVOICE	01/18/2022	H2	Sales Income	154	0.0	96869	0	0.0	
ENDTRNS	
TRNS	INVOICE	01/18/2022	Truck: 1920	Accounts Receivable	162	0	96870	
SPL	INVOICE	01/18/2022	H-2	Sales Income	162	0.0	96870	10.84	0.0	
ENDTRNS	
TRNS	INVOICE	01/18/2022	Truck: 1923	Accounts Receivable	162	0	96871	
SPL	INVOICE	01/18/2022	H-2	Sales Income	162	0.0	96871	11.63	0.0	
ENDTRNS	
TRNS	INVOICE	01/18/2022	Truck: 1907	Accounts Receivable	162	0	96872	
SPL	INVOICE	01/18/2022	H-2	Sales Income	162	0.0	96872	7.67	0.0	
ENDTRNS	
TRNS	INVOICE	01/18/2022	Truck: 1925	Accounts Receivable	162	0	96873	
SPL	INVOICE	01/18/2022	H-2	Sales Income	162	0.0	96873	4.58	0.0	
ENDTRNS	
TRNS	INVOICE	01/18/2022	Truck: 1906	Accounts Receivable	162	0	96874	
SPL	INVOICE	01/18/2022	H-2	Sales Income	162	0.0	96874	6.47	0.0	
ENDTRNS	
TRNS	INVOICE	01/18/2022	Truck: 154mtitan/	Accounts Receivable	154	0	96875	
SPL	INVOICE	01/18/2022	W-2 (White Goods)	Sales Income	154	0.0	96875	0.16	0.0	
ENDTRNS	
TRNS	INVOICE	01/18/2022	Truck: 182	Accounts Receivable	236	0	96876	
SPL	INVOICE	01/18/2022	H2	Sales Income	236	0.0	96876	0.42	0.0	
ENDTRNS	
TRNS	INVOICE	01/18/2022	Truck: 1924	Accounts Receivable	162	0	96877	
SPL	INVOICE	01/18/2022	H-2	Sales Income	162	0.0	96877	6.44	0.0	
ENDTRNS	
TRNS	INVOICE	01/18/2022	Truck: 1903	Accounts Receivable	162	0	96878	
SPL	INVOICE	01/18/2022	H-2	Sales Income	162	0.0	96878	10.83	0.0	
ENDTRNS	
TRNS	INVOICE	01/18/2022	Truck: 1905	Accounts Receivable	162	0	96879	
SPL	INVOICE	01/18/2022	H-2	Sales Income	162	0.0	96879	2.46	0.0	
ENDTRNS	
TRNS	INVOICE	01/19/2022	Truck: 1706JCGcom	Accounts Receivable	240	114.46	96880	
SPL	INVOICE	01/19/2022	H1	Sales Income	240	-114.46	96880	2.51	45.6	
ENDTRNS	
TRNS	INVOICE	01/19/2022	Truck: 182	Accounts Receivable	236	0	96881	
SPL	INVOICE	01/19/2022	H2	Sales Income	236	0.0	96881	0.76	0.0	
ENDTRNS	
TRNS	INVOICE	01/19/2022	Truck: 238	Accounts Receivable	238	20.06	96882	
SPL	INVOICE	01/19/2022	H2	Sales Income	238	-20.06	96882	0.44	45.59	
ENDTRNS	
TRNS	INVOICE	01/19/2022	Truck: 2679	Accounts Receivable	173	0	96883	
SPL	INVOICE	01/19/2022	H-3	Sales Income	173	0.0	96883	28.27	0.0	
ENDTRNS	
TRNS	INVOICE	01/19/2022	Truck: 154btitan	Accounts Receivable	154	0	96884	
SPL	INVOICE	01/19/2022	H2	Sales Income	154	0.0	96884	0.06	0.0	
ENDTRNS	
TRNS	INVOICE	01/19/2022	Truck: 154bf150	Accounts Receivable	154	0	96885	
SPL	INVOICE	01/19/2022	H2	Sales Income	154	0.0	96885	0.05	0.0	
ENDTRNS	
TRNS	INVOICE	01/19/2022	Truck: lmnlawn	Accounts Receivable	154	0	96886	
SPL	INVOICE	01/19/2022	H2	Sales Income	154	0.0	96886	1.2	0.0	
ENDTRNS	
TRNS	INVOICE	01/19/2022	Truck: 154rram	Accounts Receivable	154	0	96887	
SPL	INVOICE	01/19/2022	H2	Sales Income	154	0.0	96887	0.09	0.0	
ENDTRNS	
TRNS	INVOICE	01/19/2022	Truck: 154gram	Accounts Receivable	154	0	96888	
SPL	INVOICE	01/19/2022	I-2	Sales Income	154	0.0	96888	0.09	0.0	
ENDTRNS	
TRNS	INVOICE	01/19/2022	Truck: CoH2	Accounts Receivable	154	0	96889	
SPL	INVOICE	01/19/2022	I-2	Sales Income	154	0.0	96889	0.37	0.0	
ENDTRNS	
TRNS	INVOICE	01/19/2022	Truck: 154gram/t	Accounts Receivable	154	0	96890	
SPL	INVOICE	01/19/2022	H2	Sales Income	154	0.0	96890	0.21	0.0	
ENDTRNS	
TRNS	INVOICE	01/19/2022	Truck: 154bgmc	Accounts Receivable	154	0	96891	
SPL	INVOICE	01/19/2022	H2	Sales Income	154	0.0	96891	0.05	0.0	
ENDTRNS	
TRNS	INVOICE	01/19/2022	Truck: WHite jeep	Accounts Receivable	154	0	96892	
SPL	INVOICE	01/19/2022	H2	Sales Income	154	0.0	96892	0.02	0.0	
ENDTRNS	
TRNS	INVOICE	01/19/2022	Truck: 154bf150/t	Accounts Receivable	154	0	96893	
SPL	INVOICE	01/19/2022	H2	Sales Income	154	0.0	96893	0.67	0.0	
ENDTRNS	
TRNS	INVOICE	01/19/2022	Truck: 154wf150/t	Accounts Receivable	180	61.56	96895	
SPL	INVOICE	01/19/2022	DC	Sales Income	180	-61.56	96895	1.35	45.6	
ENDTRNS	
TRNS	INVOICE	01/19/2022	Truck: 154w350	Accounts Receivable	154	0	96896	
SPL	INVOICE	01/19/2022	H2	Sales Income	154	0.0	96896	0.03	0.0	
ENDTRNS	
TRNS	INVOICE	01/19/2022	Truck: 154bf150/	Accounts Receivable	154	0	96897	
SPL	INVOICE	01/19/2022	H2	Sales Income	154	0.0	96897	0.56	0.0	
ENDTRNS	
TRNS	INVOICE	01/19/2022	Truck: 154wtund/t	Accounts Receivable	154	0	96898	
SPL	INVOICE	01/19/2022	H2	Sales Income	154	0.0	96898	0.62	0.0	
ENDTRNS	
TRNS	INVOICE	01/19/2022	Truck: 154bf150	Accounts Receivable	154	0	96899	
SPL	INVOICE	01/19/2022	H2	Sales Income	154	0.0	96899	0.06	0.0	
ENDTRNS	
TRNS	INVOICE	01/19/2022	Truck: 154wchevy	Accounts Receivable	154	0	96900	
SPL	INVOICE	01/19/2022	H2	Sales Income	154	0.0	96900	0.11	0.0	
ENDTRNS	
TRNS	INVOICE	01/19/2022	Truck: 154bram	Accounts Receivable	154	0	96901	
SPL	INVOICE	01/19/2022	I-2	Sales Income	154	0.0	96901	0.43	0.0	
ENDTRNS	
TRNS	INVOICE	01/19/2022	Truck: 154ttac	Accounts Receivable	154	0	96902	
SPL	INVOICE	01/19/2022	H2	Sales Income	154	0.0	96902	0.09	0.0	
ENDTRNS	
TRNS	INVOICE	01/19/2022	Truck: 2679	Accounts Receivable	173	0	96903	
SPL	INVOICE	01/19/2022	H-3	Sales Income	173	0.0	96903	26.97	0.0	
ENDTRNS	
TRNS	INVOICE	01/19/2022	Truck: 1925	Accounts Receivable	162	0	96904	
SPL	INVOICE	01/19/2022	H-2	Sales Income	162	0.0	96904	7.48	0.0	
ENDTRNS	
TRNS	INVOICE	01/19/2022	Truck: 154wf250/t	Accounts Receivable	120	36.48	96905	
SPL	INVOICE	01/19/2022	H1	Sales Income	120	-36.48	96905	0.8	45.6	
ENDTRNS	
TRNS	INVOICE	01/19/2022	Truck: 154wf150	Accounts Receivable	154	0	96906	
SPL	INVOICE	01/19/2022	I-2	Sales Income	154	0.0	96906	0.03	0.0	
ENDTRNS	
TRNS	INVOICE	01/19/2022	Truck: 154bs10	Accounts Receivable	154	0	96907	
SPL	INVOICE	01/19/2022	I-2	Sales Income	154	0.0	96907	0.07	0.0	
ENDTRNS	
TRNS	INVOICE	01/19/2022	Truck: 154scsil/t	Accounts Receivable	154	0	96908	
SPL	INVOICE	01/19/2022	H2	Sales Income	154	0.0	96908	0.15	0.0	
ENDTRNS	
TRNS	INVOICE	01/19/2022	Truck: 154rram	Accounts Receivable	154	0	96909	
SPL	INVOICE	01/19/2022	H2	Sales Income	154	0.0	96909	0.04	0.0	
ENDTRNS	
TRNS	INVOICE	01/19/2022	Truck: 154gsilver	Accounts Receivable	154	0	96910	
SPL	INVOICE	01/19/2022	H2	Sales Income	154	0.0	96910	0.06	0.0	
ENDTRNS	
TRNS	INVOICE	01/19/2022	Truck: 154bf150	Accounts Receivable	154	0	96911	
SPL	INVOICE	01/19/2022	I-2	Sales Income	154	0.0	96911	0.46	0.0	
ENDTRNS	
TRNS	INVOICE	01/19/2022	Truck: 154rram	Accounts Receivable	154	0	96912	
SPL	INVOICE	01/19/2022	I-2	Sales Income	154	0.0	96912	0.16	0.0	
ENDTRNS	
TRNS	INVOICE	01/19/2022	Truck: 154wf150	Accounts Receivable	154	0	96913	
SPL	INVOICE	01/19/2022	H2	Sales Income	154	0.0	96913	0.01	0.0	
ENDTRNS	
TRNS	INVOICE	01/19/2022	Truck: 154btund	Accounts Receivable	154	0	96914	
SPL	INVOICE	01/19/2022	H2	Sales Income	154	0.0	96914	0.15	0.0	
ENDTRNS	
TRNS	INVOICE	01/19/2022	Truck: 154rram/	Accounts Receivable	154	0	96915	
SPL	INVOICE	01/19/2022	I-2	Sales Income	154	0.0	96915	0.76	0.0	
ENDTRNS	
TRNS	INVOICE	01/19/2022	Truck: 1923	Accounts Receivable	162	0	96916	
SPL	INVOICE	01/19/2022	H-2	Sales Income	162	0.0	96916	9.99	0.0	
ENDTRNS	
TRNS	INVOICE	01/19/2022	Truck: 1905	Accounts Receivable	162	0	96917	
SPL	INVOICE	01/19/2022	H-2	Sales Income	162	0.0	96917	8.6	0.0	
ENDTRNS	
TRNS	INVOICE	01/19/2022	Truck: 154bc2500	Accounts Receivable	154	0	96918	
SPL	INVOICE	01/19/2022	H2	Sales Income	154	0.0	96918	0.33	0.0	
ENDTRNS	
TRNS	INVOICE	01/19/2022	Truck: 154wc2500	Accounts Receivable	154	0	96919	
SPL	INVOICE	01/19/2022	H2	Sales Income	154	0.0	96919	0.07	0.0	
ENDTRNS	
TRNS	INVOICE	01/19/2022	Truck: 1907	Accounts Receivable	162	0	96920	
SPL	INVOICE	01/19/2022	H-2	Sales Income	162	0.0	96920	7.96	0.0	
ENDTRNS	
TRNS	INVOICE	01/19/2022	Truck: 1925	Accounts Receivable	162	0	96921	
SPL	INVOICE	01/19/2022	H-2	Sales Income	162	0.0	96921	1.21	0.0	
ENDTRNS	
TRNS	INVOICE	01/19/2022	Truck: 154wchevy	Accounts Receivable	154	0	96922	
SPL	INVOICE	01/19/2022	H2	Sales Income	154	0.0	96922	0.03	0.0	
ENDTRNS	
TRNS	INVOICE	01/19/2022	Truck: 1924	Accounts Receivable	162	0	96923	
SPL	INVOICE	01/19/2022	H-2	Sales Income	162	0.0	96923	6.26	0.0	
ENDTRNS	
TRNS	INVOICE	01/19/2022	Truck: 1906	Accounts Receivable	162	0	96924	
SPL	INVOICE	01/19/2022	H-2	Sales Income	162	0.0	96924	7.84	0.0	
ENDTRNS	
TRNS	INVOICE	01/19/2022	Truck: 1920	Accounts Receivable	162	0	96925	
SPL	INVOICE	01/19/2022	H-2	Sales Income	162	0.0	96925	7.11	0.0	
ENDTRNS	
TRNS	INVOICE	01/19/2022	Truck: 154rrgmc	Accounts Receivable	154	0	96926	
SPL	INVOICE	01/19/2022	I-2	Sales Income	154	0.0	96926	0.06	0.0	
ENDTRNS	
TRNS	INVOICE	01/19/2022	Truck: 154sf150	Accounts Receivable	154	0	96927	
SPL	INVOICE	01/19/2022	H2	Sales Income	154	0.0	96927	0.09	0.0	
ENDTRNS	
TRNS	INVOICE	01/19/2022	Truck: 154rgmc	Accounts Receivable	154	0	96928	
SPL	INVOICE	01/19/2022	I-2	Sales Income	154	0.0	96928	0.01	0.0	
ENDTRNS	
TRNS	INVOICE	01/19/2022	Truck: CoH2	Accounts Receivable	154	0	96929	
SPL	INVOICE	01/19/2022	I-2	Sales Income	154	0.0	96929	0.26	0.0	
ENDTRNS	
TRNS	INVOICE	01/19/2022	Truck: hrs/t	Accounts Receivable	154	22.35	96930	
SPL	INVOICE	01/19/2022	H1	Sales Income	154	-22.35	96930	0.49	45.61	
ENDTRNS	
TRNS	INVOICE	01/19/2022	Truck: 154mf150/t	Accounts Receivable	154	0	96931	
SPL	INVOICE	01/19/2022	H2	Sales Income	154	0.0	96931	0.23	0.0	
ENDTRNS	
TRNS	INVOICE	01/19/2022	Truck: 154wf250	Accounts Receivable	154	0	96932	
SPL	INVOICE	01/19/2022	H2	Sales Income	154	0.0	96932	0.25	0.0	
ENDTRNS	
TRNS	INVOICE	01/19/2022	Truck: 154sf450/t	Accounts Receivable	154	0	96933	
SPL	INVOICE	01/19/2022	H2	Sales Income	154	0.0	96933	0.73	0.0	
ENDTRNS	
TRNS	INVOICE	01/19/2022	Truck: 154mf150	Accounts Receivable	154	0	96934	
SPL	INVOICE	01/19/2022	H2	Sales Income	154	0.0	96934	0.32	0.0	
ENDTRNS	
TRNS	INVOICE	01/19/2022	Truck: 2679	Accounts Receivable	173	0	96935	
SPL	INVOICE	01/19/2022	H-3	Sales Income	173	0.0	96935	32.45	0.0	
ENDTRNS	
TRNS	INVOICE	01/19/2022	Truck: CoH2	Accounts Receivable	154	0	96936	
SPL	INVOICE	01/19/2022	I-2	Sales Income	154	0.0	96936	0.12	0.0	
ENDTRNS	
TRNS	INVOICE	01/19/2022	Truck: 154wvan	Accounts Receivable	154	0	96937	
SPL	INVOICE	01/19/2022	H2	Sales Income	154	0.0	96937	0.42	0.0	
ENDTRNS	
TRNS	INVOICE	01/19/2022	Truck: 154bf150/t	Accounts Receivable	154	0	96938	
SPL	INVOICE	01/19/2022	H2	Sales Income	154	0.0	96938	1.17	0.0	
ENDTRNS	
TRNS	INVOICE	01/19/2022	Truck: 14wgmc	Accounts Receivable	154	0	96939	
SPL	INVOICE	01/19/2022	H2	Sales Income	154	0.0	96939	0.11	0.0	
ENDTRNS	
TRNS	INVOICE	01/19/2022	Truck: 154wsuv	Accounts Receivable	154	0	96940	
SPL	INVOICE	01/19/2022	H2	Sales Income	154	0.0	96940	0.07	0.0	
ENDTRNS	
TRNS	INVOICE	01/19/2022	Truck: 154mram	Accounts Receivable	154	0	96941	
SPL	INVOICE	01/19/2022	H2	Sales Income	154	0.0	96941	0.03	0.0	
ENDTRNS	
TRNS	INVOICE	01/19/2022	Truck: lnm/t	Accounts Receivable	154	31.46	96942	
SPL	INVOICE	01/19/2022	DC	Sales Income	154	-31.46	96942	0.69	45.59	
ENDTRNS	
TRNS	INVOICE	01/19/2022	Truck: 154btac	Accounts Receivable	154	0	96943	
SPL	INVOICE	01/19/2022	I-2	Sales Income	154	0.0	96943	0.18	0.0	
ENDTRNS	
TRNS	INVOICE	01/20/2022	Truck: 1001JCGCOM	Accounts Receivable	240	120.38	96944	
SPL	INVOICE	01/20/2022	H1	Sales Income	240	-120.38	96944	2.64	45.6	
ENDTRNS	
TRNS	INVOICE	01/20/2022	Truck: 1921-C	Accounts Receivable	162	0	96945	
SPL	INVOICE	01/20/2022	H-2	Sales Income	162	0.0	96945	6.44	0.0	
ENDTRNS	
TRNS	INVOICE	01/20/2022	Truck: 2679	Accounts Receivable	173	0	96947	
SPL	INVOICE	01/20/2022	H-3	Sales Income	173	0.0	96947	26.3	0.0	
ENDTRNS	
TRNS	INVOICE	01/20/2022	Truck: junkman	Accounts Receivable	182	34.66	96948	
SPL	INVOICE	01/20/2022	H1	Sales Income	182	-34.66	96948	0.76	45.61	
ENDTRNS	
TRNS	INVOICE	01/20/2022	Truck: 154bsier	Accounts Receivable	154	0	96949	
SPL	INVOICE	01/20/2022	H2	Sales Income	154	0.0	96949	0.02	0.0	
ENDTRNS	
TRNS	INVOICE	01/20/2022	Truck: 1921-C	Accounts Receivable	162	0	96950	
SPL	INVOICE	01/20/2022	H-2	Sales Income	162	0.0	96950	7.84	0.0	
ENDTRNS	
TRNS	INVOICE	01/20/2022	Truck: 1001CAL30	Accounts Receivable	240	44.23	96951	
SPL	INVOICE	01/20/2022	H1	Sales Income	240	-44.23	96951	0.97	45.6	
ENDTRNS	
TRNS	INVOICE	01/20/2022	Truck: Wford250	Accounts Receivable	239	6.84	96952	
SPL	INVOICE	01/20/2022	H1	Sales Income	239	-6.84	96952	0.15	45.6	
ENDTRNS	
TRNS	INVOICE	01/20/2022	Truck: blackf350	Accounts Receivable	154	0	96954	
SPL	INVOICE	01/20/2022	H2	Sales Income	154	0.0	96954	0.02	0.0	
ENDTRNS	
TRNS	INVOICE	01/20/2022	Truck: greentacom	Accounts Receivable	154	0	96955	
SPL	INVOICE	01/20/2022	H2	Sales Income	154	0.0	96955	0.02	0.0	
ENDTRNS	
TRNS	INVOICE	01/20/2022	Truck: Renne's 94	Accounts Receivable	194	37.85	96956	
SPL	INVOICE	01/20/2022	H1	Sales Income	194	-37.85	96956	0.83	45.6	
ENDTRNS	
TRNS	INVOICE	01/20/2022	Truck: davis&son	Accounts Receivable	182	180.12	96957	
SPL	INVOICE	01/20/2022	DC	Sales Income	182	-180.12	96957	3.95	45.6	
ENDTRNS	
TRNS	INVOICE	01/20/2022	Truck: ggmcsuv/tr	Accounts Receivable	154	0	96958	
SPL	INVOICE	01/20/2022	H2	Sales Income	154	0.0	96958	0.51	0.0	
ENDTRNS	
TRNS	INVOICE	01/20/2022	Truck: WHitef150	Accounts Receivable	154	0	96959	
SPL	INVOICE	01/20/2022	W-2 (White Goods)	Sales Income	154	0.0	96959	0.08	0.0	
ENDTRNS	
TRNS	INVOICE	01/20/2022	Truck: 1921-O	Accounts Receivable	162	0	96960	
SPL	INVOICE	01/20/2022	H-2	Sales Income	162	0.0	96960	1.54	0.0	
ENDTRNS	
TRNS	INVOICE	01/20/2022	Truck: 238	Accounts Receivable	238	12.77	96961	
SPL	INVOICE	01/20/2022	DC	Sales Income	238	-12.77	96961	0.28	45.61	
ENDTRNS	
TRNS	INVOICE	01/20/2022	Truck: unitedistv	Accounts Receivable	154	0	96962	
SPL	INVOICE	01/20/2022	H2	Sales Income	154	0.0	96962	0.05	0.0	
ENDTRNS	
TRNS	INVOICE	01/20/2022	Truck: gchevy/tr	Accounts Receivable	182	34.2	96963	
SPL	INVOICE	01/20/2022	DC	Sales Income	182	-34.2	96963	0.75	45.6	
ENDTRNS	
TRNS	INVOICE	01/20/2022	Truck: 2679	Accounts Receivable	173	0	96964	
SPL	INVOICE	01/20/2022	H-3	Sales Income	173	0.0	96964	32.98	0.0	
ENDTRNS	
TRNS	INVOICE	01/20/2022	Truck: gray2500/t	Accounts Receivable	154	0	96965	
SPL	INVOICE	01/20/2022	H2	Sales Income	154	0.0	96965	0.02	0.0	
ENDTRNS	
TRNS	INVOICE	01/20/2022	Truck: 1921-O	Accounts Receivable	162	0	96966	
SPL	INVOICE	01/20/2022	H-2	Sales Income	162	0.0	96966	3.13	0.0	
ENDTRNS	
TRNS	INVOICE	01/20/2022	Truck: tanf150/t	Accounts Receivable	154	0	96967	
SPL	INVOICE	01/20/2022	H2	Sales Income	154	0.0	96967	0.27	0.0	
ENDTRNS	
TRNS	INVOICE	01/20/2022	Truck: 1907	Accounts Receivable	162	0	96968	
SPL	INVOICE	01/20/2022	H-2	Sales Income	162	0.0	96968	6.51	0.0	
ENDTRNS	
TRNS	INVOICE	01/20/2022	Truck: 1906	Accounts Receivable	162	0	96969	
SPL	INVOICE	01/20/2022	H-2	Sales Income	162	0.0	96969	6.47	0.0	
ENDTRNS	
TRNS	INVOICE	01/20/2022	Truck: 1920	Accounts Receivable	162	0	96970	
SPL	INVOICE	01/20/2022	H-2	Sales Income	162	0.0	96970	4.85	0.0	
ENDTRNS	
TRNS	INVOICE	01/20/2022	Truck: blacksierr	Accounts Receivable	182	11.86	96971	
SPL	INVOICE	01/20/2022	DC	Sales Income	182	-11.86	96971	0.26	45.62	
ENDTRNS	
TRNS	INVOICE	01/20/2022	Truck: 1925	Accounts Receivable	162	0	96972	
SPL	INVOICE	01/20/2022	H-2	Sales Income	162	0.0	96972	6.63	0.0	
ENDTRNS	
TRNS	INVOICE	01/20/2022	Truck: 1923	Accounts Receivable	162	0	96973	
SPL	INVOICE	01/20/2022	H-2	Sales Income	162	0.0	96973	8.94	0.0	
ENDTRNS	
TRNS	INVOICE	01/20/2022	Truck: Sgmcsuv	Accounts Receivable	154	0	96974	
SPL	INVOICE	01/20/2022	H2	Sales Income	154	0.0	96974	0.04	0.0	
ENDTRNS	
TRNS	INVOICE	01/20/2022	Truck: greenram	Accounts Receivable	154	0	96975	
SPL	INVOICE	01/20/2022	H2	Sales Income	154	0.0	96975	0.16	0.0	
ENDTRNS	
TRNS	INVOICE	01/20/2022	Truck: 1921-O	Accounts Receivable	162	0	96976	
SPL	INVOICE	01/20/2022	H-2	Sales Income	162	0.0	96976	2.55	0.0	
ENDTRNS	
TRNS	INVOICE	01/20/2022	Truck: greenkia	Accounts Receivable	154	0	96977	
SPL	INVOICE	01/20/2022	H2	Sales Income	154	0.0	96977	0	0.0	
ENDTRNS	
TRNS	INVOICE	01/20/2022	Truck: greycsilve	Accounts Receivable	154	0	96978	
SPL	INVOICE	01/20/2022	H2	Sales Income	154	0.0	96978	0.06	0.0	
ENDTRNS	
TRNS	INVOICE	01/20/2022	Truck: WChevy	Accounts Receivable	154	0	96979	
SPL	INVOICE	01/20/2022	H2	Sales Income	154	0.0	96979	0.18	0.0	
ENDTRNS	
TRNS	INVOICE	01/20/2022	Truck: blacktoy	Accounts Receivable	154	0	96980	
SPL	INVOICE	01/20/2022	H2	Sales Income	154	0.0	96980	0.04	0.0	
ENDTRNS	
TRNS	INVOICE	01/20/2022	Truck: lnmlawn/t	Accounts Receivable	182	50.16	96981	
SPL	INVOICE	01/20/2022	DC	Sales Income	182	-50.16	96981	1.1	45.6	
ENDTRNS	
TRNS	INVOICE	01/20/2022	Truck: 2679	Accounts Receivable	173	0	96982	
SPL	INVOICE	01/20/2022	H-3	Sales Income	173	0.0	96982	32.77	0.0	
ENDTRNS	
TRNS	INVOICE	01/20/2022	Truck: 1 2 3	Accounts Receivable	154	0	96983	
SPL	INVOICE	01/20/2022	H-2	Sales Income	154	0.0	96983	1.6	0.0	
ENDTRNS	
TRNS	INVOICE	01/20/2022	Truck: Silverford	Accounts Receivable	154	0	96984	
SPL	INVOICE	01/20/2022	H2	Sales Income	154	0.0	96984	0.04	0.0	
ENDTRNS	
TRNS	INVOICE	01/20/2022	Truck: WHitegmc/	Accounts Receivable	236	0	96985	
SPL	INVOICE	01/20/2022	H2	Sales Income	236	0.0	96985	0.18	0.0	
ENDTRNS	
TRNS	INVOICE	01/20/2022	Truck: Silverf150	Accounts Receivable	154	0	96986	
SPL	INVOICE	01/20/2022	H2	Sales Income	154	0.0	96986	0.2	0.0	
ENDTRNS	
TRNS	INVOICE	01/20/2022	Truck: davis&son	Accounts Receivable	182	17.33	96987	
SPL	INVOICE	01/20/2022	DC	Sales Income	182	-17.33	96987	0.38	45.61	
ENDTRNS	
TRNS	INVOICE	01/21/2022	Truck: 1001JCGCOM	Accounts Receivable	240	129.96	96988	
SPL	INVOICE	01/21/2022	H1	Sales Income	240	-129.96	96988	2.85	45.6	
ENDTRNS	
TRNS	INVOICE	01/21/2022	Truck: 1921-I	Accounts Receivable	162	0	96989	
SPL	INVOICE	01/21/2022	I-2	Sales Income	162	0.0	96989	0.75	0.0	
ENDTRNS	
TRNS	INVOICE	01/21/2022	Truck: 2679	Accounts Receivable	173	0	96990	
SPL	INVOICE	01/21/2022	H-3	Sales Income	173	0.0	96990	28.76	0.0	
ENDTRNS	
TRNS	INVOICE	01/21/2022	Truck: 1001JCG20y	Accounts Receivable	240	76.15	96991	
SPL	INVOICE	01/21/2022	H1	Sales Income	240	-76.15	96991	1.67	45.6	
ENDTRNS	
TRNS	INVOICE	01/21/2022	Truck: blackf150	Accounts Receivable	154	0	96992	
SPL	INVOICE	01/21/2022	H2	Sales Income	154	0.0	96992	0.02	0.0	
ENDTRNS	
TRNS	INVOICE	01/21/2022	Truck: 1921-O	Accounts Receivable	162	0	96993	
SPL	INVOICE	01/21/2022	H-2	Sales Income	162	0.0	96993	3.45	0.0	
ENDTRNS	
TRNS	INVOICE	01/21/2022	Truck: blackgmc/t	Accounts Receivable	154	0	96994	
SPL	INVOICE	01/21/2022	H2	Sales Income	154	0.0	96994	1.32	0.0	
ENDTRNS	
TRNS	INVOICE	01/21/2022	Truck: grayford	Accounts Receivable	154	0	96995	
SPL	INVOICE	01/21/2022	H2	Sales Income	154	0.0	96995	0.13	0.0	
ENDTRNS	
TRNS	INVOICE	01/21/2022	Truck: WHiteford	Accounts Receivable	154	0	96996	
SPL	INVOICE	01/21/2022	H2	Sales Income	154	0.0	96996	0.08	0.0	
ENDTRNS	
TRNS	INVOICE	01/21/2022	Truck: bluetund/t	Accounts Receivable	154	0	96997	
SPL	INVOICE	01/21/2022	I-2	Sales Income	154	0.0	96997	1.72	0.0	
ENDTRNS	
TRNS	INVOICE	01/21/2022	Truck: binthere	Accounts Receivable	182	106.25	96998	
SPL	INVOICE	01/21/2022	DC	Sales Income	182	-106.25	96998	2.33	45.6	
ENDTRNS	
TRNS	INVOICE	01/21/2022	Truck: 1921-O	Accounts Receivable	162	0	96999	
SPL	INVOICE	01/21/2022	H-2	Sales Income	162	0.0	96999	6.64	0.0	
ENDTRNS	
TRNS	INVOICE	01/21/2022	Truck: Silverf150	Accounts Receivable	154	0	97000	
SPL	INVOICE	01/21/2022	H2	Sales Income	154	0.0	97000	0	0.0	
ENDTRNS	
TRNS	INVOICE	01/21/2022	Truck: CoH2	Accounts Receivable	154	0	97001	
SPL	INVOICE	01/21/2022	I-2	Sales Income	154	0.0	97001	0.31	0.0	
ENDTRNS	
TRNS	INVOICE	01/21/2022	Truck: Silverf250	Accounts Receivable	154	0	97002	
SPL	INVOICE	01/21/2022	H2	Sales Income	154	0.0	97002	0.18	0.0	
ENDTRNS	
TRNS	INVOICE	01/21/2022	Truck: bluetundr/	Accounts Receivable	154	0	97003	
SPL	INVOICE	01/21/2022	I-2	Sales Income	154	0.0	97003	0.13	0.0	
ENDTRNS	
TRNS	INVOICE	01/21/2022	Truck: Silvertaco	Accounts Receivable	154	0	97004	
SPL	INVOICE	01/21/2022	H2	Sales Income	154	0.0	97004	0.56	0.0	
ENDTRNS	
TRNS	INVOICE	01/21/2022	Truck: Silverche/	Accounts Receivable	182	47.42	97005	
SPL	INVOICE	01/21/2022	DC	Sales Income	182	-47.42	97005	1.04	45.6	
ENDTRNS	
TRNS	INVOICE	01/21/2022	Truck: 1921-O	Accounts Receivable	162	0	97006	
SPL	INVOICE	01/21/2022	H-2	Sales Income	162	0.0	97006	3.72	0.0	
ENDTRNS	
TRNS	INVOICE	01/21/2022	Truck: 1907	Accounts Receivable	162	0	97007	
SPL	INVOICE	01/21/2022	H-2	Sales Income	162	0.0	97007	5.67	0.0	
ENDTRNS	
TRNS	INVOICE	01/21/2022	Truck: Silverf150	Accounts Receivable	154	0	97008	
SPL	INVOICE	01/21/2022	H2	Sales Income	154	0.0	97008	0.14	0.0	
ENDTRNS	
TRNS	INVOICE	01/21/2022	Truck: brownf150	Accounts Receivable	154	0	97009	
SPL	INVOICE	01/21/2022	H2	Sales Income	154	0.0	97009	0.03	0.0	
ENDTRNS	
TRNS	INVOICE	01/21/2022	Truck: 1001/am30	Accounts Receivable	240	338.81	97010	
SPL	INVOICE	01/21/2022	H1	Sales Income	240	-338.81	97010	7.43	45.6	
ENDTRNS	
TRNS	INVOICE	01/21/2022	Truck: 1925	Accounts Receivable	162	0	97011	
SPL	INVOICE	01/21/2022	H-2	Sales Income	162	0.0	97011	5.58	0.0	
ENDTRNS	
TRNS	INVOICE	01/21/2022	Truck: marsuv	Accounts Receivable	154	0	97012	
SPL	INVOICE	01/21/2022	H2	Sales Income	154	0.0	97012	0.05	0.0	
ENDTRNS	
TRNS	INVOICE	01/21/2022	Truck: 2679	Accounts Receivable	173	0	97013	
SPL	INVOICE	01/21/2022	H-3	Sales Income	173	0.0	97013	26.47	0.0	
ENDTRNS	
TRNS	INVOICE	01/21/2022	Truck: 1923	Accounts Receivable	162	0	97014	
SPL	INVOICE	01/21/2022	H-2	Sales Income	162	0.0	97014	8.61	0.0	
ENDTRNS	
TRNS	INVOICE	01/21/2022	Truck: bluetund/t	Accounts Receivable	154	0	97015	
SPL	INVOICE	01/21/2022	I-2	Sales Income	154	0.0	97015	1.19	0.0	
ENDTRNS	
TRNS	INVOICE	01/21/2022	Truck: 1921-C	Accounts Receivable	162	0	97016	
SPL	INVOICE	01/21/2022	H2	Sales Income	162	0.0	97016	5.2	0.0	
ENDTRNS	
TRNS	INVOICE	01/21/2022	Truck: WHitef150	Accounts Receivable	154	0	97017	
SPL	INVOICE	01/21/2022	H2	Sales Income	154	0.0	97017	0.16	0.0	
ENDTRNS	
TRNS	INVOICE	01/21/2022	Truck: bluef150	Accounts Receivable	154	0	97018	
SPL	INVOICE	01/21/2022	H2	Sales Income	154	0.0	97018	0.02	0.0	
ENDTRNS	
TRNS	INVOICE	01/21/2022	Truck: Prisondet	Accounts Receivable	154	0	97019	
SPL	INVOICE	01/21/2022	H2	Sales Income	154	0.0	97019	0.68	0.0	
ENDTRNS	
TRNS	INVOICE	01/21/2022	Truck: 1905	Accounts Receivable	162	0	97020	
SPL	INVOICE	01/21/2022	H-2	Sales Income	162	0.0	97020	7.82	0.0	
ENDTRNS	
TRNS	INVOICE	01/21/2022	Truck: CoH2	Accounts Receivable	154	0	97021	
SPL	INVOICE	01/21/2022	I-2	Sales Income	154	0.0	97021	0.22	0.0	
ENDTRNS	
TRNS	INVOICE	01/21/2022	Truck: 154wsilver	Accounts Receivable	154	0	97022	
SPL	INVOICE	01/21/2022	H2	Sales Income	154	0.0	97022	0.1	0.0	
ENDTRNS	
TRNS	INVOICE	01/21/2022	Truck: 1921-O	Accounts Receivable	162	0	97023	
SPL	INVOICE	01/21/2022	H-2	Sales Income	162	0.0	97023	3.2	0.0	
ENDTRNS	
TRNS	INVOICE	01/21/2022	Truck: 1906	Accounts Receivable	162	0	97024	
SPL	INVOICE	01/21/2022	H-2	Sales Income	162	0.0	97024	8.23	0.0	
ENDTRNS	
TRNS	INVOICE	01/21/2022	Truck: 154mram	Accounts Receivable	154	0	97025	
SPL	INVOICE	01/21/2022	H2	Sales Income	154	0.0	97025	0.08	0.0	
ENDTRNS	
TRNS	INVOICE	01/21/2022	Truck: 154mc1500 	Accounts Receivable	154	0	97026	
SPL	INVOICE	01/21/2022	H2	Sales Income	154	0.0	97026	0.38	0.0	
ENDTRNS	
TRNS	INVOICE	01/21/2022	Truck: 154car	Accounts Receivable	154	0	97028	
SPL	INVOICE	01/21/2022	H2	Sales Income	154	0.0	97028	0.04	0.0	
ENDTRNS	
TRNS	INVOICE	01/21/2022	Truck: 154tf150	Accounts Receivable	154	7.3	97029	
SPL	INVOICE	01/21/2022	DC	Sales Income	154	-7.3	97029	0.16	45.62	
ENDTRNS	
TRNS	INVOICE	01/21/2022	Truck: 154btundr/	Accounts Receivable	154	0	97030	
SPL	INVOICE	01/21/2022	I-2	Sales Income	154	0.0	97030	2.17	0.0	
ENDTRNS	
TRNS	INVOICE	01/21/2022	Truck: 154wden	Accounts Receivable	154	0	97031	
SPL	INVOICE	01/21/2022	H2	Sales Income	154	0.0	97031	0.74	0.0	
ENDTRNS	
TRNS	INVOICE	01/22/2022	Truck: blackcsilv	Accounts Receivable	154	0	97032	
SPL	INVOICE	01/22/2022	H2	Sales Income	154	0.0	97032	0.05	0.0	
ENDTRNS	
TRNS	INVOICE	01/22/2022	Truck: WHitech25/	Accounts Receivable	154	0	97033	
SPL	INVOICE	01/22/2022	I-2	Sales Income	154	0.0	97033	0.59	0.0	
ENDTRNS	
TRNS	INVOICE	01/22/2022	Truck: blcsilv/tr	Accounts Receivable	154	51.98	97034	
SPL	INVOICE	01/22/2022	DC	Sales Income	154	-51.98	97034	1.14	45.6	
ENDTRNS	
TRNS	INVOICE	01/22/2022	Truck: bf150/t	Accounts Receivable	154	0	97035	
SPL	INVOICE	01/22/2022	H2	Sales Income	154	0.0	97035	0.43	0.0	
ENDTRNS	
TRNS	INVOICE	01/22/2022	Truck: WHff150/t	Accounts Receivable	154	0	97036	
SPL	INVOICE	01/22/2022	H2	Sales Income	154	0.0	97036	0.26	0.0	
ENDTRNS	
TRNS	INVOICE	01/22/2022	Truck: blgmc	Accounts Receivable	154	0	97037	
SPL	INVOICE	01/22/2022	H2	Sales Income	154	0.0	97037	0.14	0.0	
ENDTRNS	
TRNS	INVOICE	01/22/2022	Truck: 154bf150	Accounts Receivable	154	0	97038	
SPL	INVOICE	01/22/2022	H2	Sales Income	154	0.0	97038	0.15	0.0	
ENDTRNS	
TRNS	INVOICE	01/22/2022	Truck: WHitram	Accounts Receivable	154	0	97039	
SPL	INVOICE	01/22/2022	H2	Sales Income	154	0.0	97039	0.13	0.0	
ENDTRNS	
TRNS	INVOICE	01/22/2022	Truck: WHitf1504	Accounts Receivable	154	0	97040	
SPL	INVOICE	01/22/2022	H2	Sales Income	154	0.0	97040	0.04	0.0	
ENDTRNS	
TRNS	INVOICE	01/22/2022	Truck: WHitcz71/t	Accounts Receivable	154	0	97041	
SPL	INVOICE	01/22/2022	H2	Sales Income	154	0.0	97041	0.74	0.0	
ENDTRNS	
TRNS	INVOICE	01/22/2022	Truck: gregmc	Accounts Receivable	154	0	97042	
SPL	INVOICE	01/22/2022	I-2	Sales Income	154	0.0	97042	0.14	0.0	
ENDTRNS	
TRNS	INVOICE	01/22/2022	Truck: blaramhem	Accounts Receivable	154	0	97043	
SPL	INVOICE	01/22/2022	I-2	Sales Income	154	0.0	97043	0.72	0.0	
ENDTRNS	
TRNS	INVOICE	01/22/2022	Truck: blac1500	Accounts Receivable	154	0	97044	
SPL	INVOICE	01/22/2022	I-2	Sales Income	154	0.0	97044	0.43	0.0	
ENDTRNS	
TRNS	INVOICE	01/22/2022	Truck: Silram1500	Accounts Receivable	154	0	97045	
SPL	INVOICE	01/22/2022	H2	Sales Income	154	0.0	97045	0.1	0.0	
ENDTRNS	
TRNS	INVOICE	01/22/2022	Truck: tanf150/tr	Accounts Receivable	154	0	97046	
SPL	INVOICE	01/22/2022	H2	Sales Income	154	0.0	97046	0.15	0.0	
ENDTRNS	
TRNS	INVOICE	01/22/2022	Truck: grayf150	Accounts Receivable	154	0	97047	
SPL	INVOICE	01/22/2022	H2	Sales Income	154	0.0	97047	0.04	0.0	
ENDTRNS	
TRNS	INVOICE	01/22/2022	Truck: Silf250	Accounts Receivable	154	0	97048	
SPL	INVOICE	01/22/2022	H2	Sales Income	154	0.0	97048	0.05	0.0	
ENDTRNS	
TRNS	INVOICE	01/22/2022	Truck: blacsilv	Accounts Receivable	154	0	97050	
SPL	INVOICE	01/22/2022	H2	Sales Income	154	0.0	97050	0.11	0.0	
ENDTRNS	
TRNS	INVOICE	01/22/2022	Truck: WHch1500	Accounts Receivable	154	0	97051	
SPL	INVOICE	01/22/2022	H2	Sales Income	154	0.0	97051	0.01	0.0	
ENDTRNS	
TRNS	INVOICE	01/22/2022	Truck: WHgmccan/	Accounts Receivable	154	0	97052	
SPL	INVOICE	01/22/2022	H2	Sales Income	154	0.0	97052	0.37	0.0	
ENDTRNS	
TRNS	INVOICE	01/22/2022	Truck: bluram	Accounts Receivable	154	0	97053	
SPL	INVOICE	01/22/2022	H2	Sales Income	154	0.0	97053	0.02	0.0	
ENDTRNS	
TRNS	INVOICE	01/22/2022	Truck: grtitan	Accounts Receivable	154	0	97054	
SPL	INVOICE	01/22/2022	H2	Sales Income	154	0.0	97054	0.02	0.0	
ENDTRNS	
TRNS	INVOICE	01/22/2022	Truck: Redgmc	Accounts Receivable	154	0	97055	
SPL	INVOICE	01/22/2022	H2	Sales Income	154	0.0	97055	0.05	0.0	
ENDTRNS	
TRNS	INVOICE	01/22/2022	Truck: WHf250/t	Accounts Receivable	154	0	97056	
SPL	INVOICE	01/22/2022	H2	Sales Income	154	0.0	97056	0.51	0.0	
ENDTRNS	
TRNS	INVOICE	01/22/2022	Truck: WHichsilv	Accounts Receivable	154	0	97057	
SPL	INVOICE	01/22/2022	H2	Sales Income	154	0.0	97057	0.14	0.0	
ENDTRNS	
TRNS	INVOICE	01/22/2022	Truck: tanf150/t	Accounts Receivable	154	5.47	97058	
SPL	INVOICE	01/22/2022	H2	Sales Income	154	-5.47	97058	0.12	45.58	
ENDTRNS	
TRNS	INVOICE	01/22/2022	Truck: Siltund	Accounts Receivable	154	0	97059	
SPL	INVOICE	01/22/2022	H2	Sales Income	154	0.0	97059	0.15	0.0	
ENDTRNS	
TRNS	INVOICE	01/22/2022	Truck: Redffx4	Accounts Receivable	182	7.3	97060	
SPL	INVOICE	01/22/2022	DC	Sales Income	182	-7.3	97060	0.16	45.62	
ENDTRNS	
TRNS	INVOICE	01/22/2022	Truck: WHiram2500	Accounts Receivable	154	12.77	97061	
SPL	INVOICE	01/22/2022	H2	Sales Income	154	-12.77	97061	0.28	45.61	
ENDTRNS	
TRNS	INVOICE	01/22/2022	Truck: bford/tr	Accounts Receivable	182	7.75	97062	
SPL	INVOICE	01/22/2022	DC	Sales Income	182	-7.75	97062	0.17	45.59	
ENDTRNS	
TRNS	INVOICE	01/22/2022	Truck: WHram2500/	Accounts Receivable	154	33.74	97063	
SPL	INVOICE	01/22/2022	DC	Sales Income	154	-33.74	97063	0.74	45.59	
ENDTRNS	
TRNS	INVOICE	01/22/2022	Truck: WHif150	Accounts Receivable	154	0	97064	
SPL	INVOICE	01/22/2022	H2	Sales Income	154	0.0	97064	0.19	0.0	
ENDTRNS	
TRNS	INVOICE	01/22/2022	Truck: WHif350/t	Accounts Receivable	154	0	97065	
SPL	INVOICE	01/22/2022	H2	Sales Income	154	0.0	97065	0.27	0.0	
ENDTRNS	
TRNS	INVOICE	01/22/2022	Truck: blagmc/tr	Accounts Receivable	154	0	97066	
SPL	INVOICE	01/22/2022	I-2	Sales Income	154	0.0	97066	0.53	0.0	
ENDTRNS	
TRNS	INVOICE	01/22/2022	Truck: blaffx4	Accounts Receivable	154	15.05	97067	
SPL	INVOICE	01/22/2022	DC	Sales Income	154	-15.05	97067	0.33	45.61	
ENDTRNS	
TRNS	INVOICE	01/22/2022	Truck: blafron	Accounts Receivable	154	0	97068	
SPL	INVOICE	01/22/2022	H2	Sales Income	154	0.0	97068	0.02	0.0	
ENDTRNS	
TRNS	INVOICE	01/22/2022	Truck: bgmc	Accounts Receivable	154	0	97069	
SPL	INVOICE	01/22/2022	H2	Sales Income	154	0.0	97069	0.06	0.0	
ENDTRNS	
TRNS	INVOICE	01/22/2022	Truck: WHitram150	Accounts Receivable	154	0	97070	
SPL	INVOICE	01/22/2022	H2	Sales Income	154	0.0	97070	0.26	0.0	
ENDTRNS	
TRNS	INVOICE	01/22/2022	Truck: bram2500	Accounts Receivable	154	0	97071	
SPL	INVOICE	01/22/2022	H2	Sales Income	154	0.0	97071	0.12	0.0	
ENDTRNS	
TRNS	INVOICE	01/22/2022	Truck: Silchevy	Accounts Receivable	154	0	97073	
SPL	INVOICE	01/22/2022	H2	Sales Income	154	0.0	97073	0.28	0.0	
ENDTRNS	
TRNS	INVOICE	01/22/2022	Truck: blaval	Accounts Receivable	154	0	97074	
SPL	INVOICE	01/22/2022	H2	Sales Income	154	0.0	97074	0.12	0.0	
ENDTRNS	
TRNS	INVOICE	01/22/2022	Truck: Silvtac/t	Accounts Receivable	154	0	97075	
SPL	INVOICE	01/22/2022	H2	Sales Income	154	0.0	97075	0.27	0.0	
ENDTRNS	
TRNS	INVOICE	01/22/2022	Truck: blackcsilv	Accounts Receivable	154	4.56	97076	
SPL	INVOICE	01/22/2022	DC	Sales Income	154	-4.56	97076	0.1	45.6	
ENDTRNS	
TRNS	INVOICE	01/22/2022	Truck: grayfronti	Accounts Receivable	154	0	97077	
SPL	INVOICE	01/22/2022	H2	Sales Income	154	0.0	97077	0.09	0.0	
ENDTRNS	
TRNS	INVOICE	01/22/2022	Truck: blchsilver	Accounts Receivable	154	10.49	97078	
SPL	INVOICE	01/22/2022	H2	Sales Income	154	-10.49	97078	0.23	45.61	
ENDTRNS	
TRNS	INVOICE	01/22/2022	Truck: gray2500z7	Accounts Receivable	154	0	97079	
SPL	INVOICE	01/22/2022	H2	Sales Income	154	0.0	97079	0.17	0.0	
ENDTRNS	
TRNS	INVOICE	01/22/2022	Truck: WHitevan	Accounts Receivable	154	78.89	97080	
SPL	INVOICE	01/22/2022	DC	Sales Income	154	-78.89	97080	1.73	45.6	
ENDTRNS	
TRNS	INVOICE	01/22/2022	Truck: WHiram2500	Accounts Receivable	154	0	97082	
SPL	INVOICE	01/22/2022	H2	Sales Income	154	0.0	97082	0.03	0.0	
ENDTRNS	
TRNS	INVOICE	01/22/2022	Truck: bcolor	Accounts Receivable	154	0	97083	
SPL	INVOICE	01/22/2022	H2	Sales Income	154	0.0	97083	0.05	0.0	
ENDTRNS	
TRNS	INVOICE	01/22/2022	Truck: blackram	Accounts Receivable	154	21.43	97084	
SPL	INVOICE	01/22/2022	DC	Sales Income	154	-21.43	97084	0.47	45.6	
ENDTRNS	
TRNS	INVOICE	01/22/2022	Truck: Redf250	Accounts Receivable	154	0	97085	
SPL	INVOICE	01/22/2022	H2	Sales Income	154	0.0	97085	0.04	0.0	
ENDTRNS	
TRNS	INVOICE	01/22/2022	Truck: WHid/t	Accounts Receivable	154	18.7	97086	
SPL	INVOICE	01/22/2022	DC	Sales Income	154	-18.7	97086	0.41	45.61	
ENDTRNS	
TRNS	INVOICE	01/22/2022	Truck: Silvf150	Accounts Receivable	154	0	97087	
SPL	INVOICE	01/22/2022	H2	Sales Income	154	0.0	97087	0.08	0.0	
ENDTRNS	
TRNS	INVOICE	01/22/2022	Truck: Sfsuv	Accounts Receivable	154	0	97088	
SPL	INVOICE	01/22/2022	H2	Sales Income	154	0.0	97088	0.09	0.0	
ENDTRNS	
TRNS	INVOICE	01/22/2022	Truck: Sccolor	Accounts Receivable	154	0	97089	
SPL	INVOICE	01/22/2022	H2	Sales Income	154	0.0	97089	0.03	0.0	
ENDTRNS	
TRNS	INVOICE	01/22/2022	Truck: blram/tr\	Accounts Receivable	154	0	97090	
SPL	INVOICE	01/22/2022	I-2	Sales Income	154	0.0	97090	0.62	0.0	
ENDTRNS	
TRNS	INVOICE	01/22/2022	Truck: blac1500/t	Accounts Receivable	154	0	97091	
SPL	INVOICE	01/22/2022	H2	Sales Income	154	0.0	97091	0.21	0.0	
ENDTRNS	
TRNS	INVOICE	01/22/2022	Truck: WHd/t	Accounts Receivable	154	0	97092	
SPL	INVOICE	01/22/2022	W-2 (White Goods)	Sales Income	154	0.0	97092	0.31	0.0	
ENDTRNS	
TRNS	INVOICE	01/22/2022	Truck: Siltundr/t	Accounts Receivable	154	0	97093	
SPL	INVOICE	01/22/2022	H2	Sales Income	154	0.0	97093	0.82	0.0	
ENDTRNS	
TRNS	INVOICE	01/22/2022	Truck: bsilver	Accounts Receivable	154	0	97094	
SPL	INVOICE	01/22/2022	H2	Sales Income	154	0.0	97094	0.09	0.0	
ENDTRNS	
TRNS	INVOICE	01/22/2022	Truck: blacar/t	Accounts Receivable	154	0	97095	
SPL	INVOICE	01/22/2022	I-2	Sales Income	154	0.0	97095	0.76	0.0	
ENDTRNS	
TRNS	INVOICE	01/22/2022	Truck: diverstree	Accounts Receivable	154	0	97096	
SPL	INVOICE	01/22/2022	H2	Sales Income	154	0.0	97096	0.12	0.0	
ENDTRNS	
TRNS	INVOICE	01/22/2022	Truck: blafpowr/t	Accounts Receivable	154	15.05	97097	
SPL	INVOICE	01/22/2022	DC	Sales Income	154	-15.05	97097	0.33	45.61	
ENDTRNS	
TRNS	INVOICE	01/22/2022	Truck: blaf150	Accounts Receivable	154	0	97098	
SPL	INVOICE	01/22/2022	H2	Sales Income	154	0.0	97098	0.09	0.0	
ENDTRNS	
TRNS	INVOICE	01/22/2022	Truck: blackram15	Accounts Receivable	154	0	97099	
SPL	INVOICE	01/22/2022	H2	Sales Income	154	0.0	97099	0.09	0.0	
ENDTRNS	
TRNS	INVOICE	01/22/2022	Truck: bluc1500	Accounts Receivable	154	0	97100	
SPL	INVOICE	01/22/2022	H2	Sales Income	154	0.0	97100	0.02	0.0	
ENDTRNS	
TRNS	INVOICE	01/22/2022	Truck: Williamspl	Accounts Receivable	154	0	97101	
SPL	INVOICE	01/22/2022	H2	Sales Income	154	0.0	97101	0.07	0.0	
ENDTRNS	
TRNS	INVOICE	01/22/2022	Truck: Redc3500	Accounts Receivable	154	0	97102	
SPL	INVOICE	01/22/2022	H2	Sales Income	154	0.0	97102	0.24	0.0	
ENDTRNS	
TRNS	INVOICE	01/22/2022	Truck: yelgmcd/t	Accounts Receivable	182	48.34	97103	
SPL	INVOICE	01/22/2022	DC	Sales Income	182	-48.34	97103	1.06	45.6	
ENDTRNS	
TRNS	INVOICE	01/22/2022	Truck: greche/tr	Accounts Receivable	154	0	97104	
SPL	INVOICE	01/22/2022	H2	Sales Income	154	0.0	97104	0.47	0.0	
ENDTRNS	
TRNS	INVOICE	01/22/2022	Truck: Siff150/t	Accounts Receivable	154	0	97105	
SPL	INVOICE	01/22/2022	H2	Sales Income	154	0.0	97105	0.06	0.0	
ENDTRNS	
TRNS	INVOICE	01/22/2022	Truck: blaccust/	Accounts Receivable	154	0	97106	
SPL	INVOICE	01/22/2022	H2	Sales Income	154	0.0	97106	0.13	0.0	
ENDTRNS	
TRNS	INVOICE	01/22/2022	Truck: yukon	Accounts Receivable	154	0	97107	
SPL	INVOICE	01/22/2022	H2	Sales Income	154	0.0	97107	0.49	0.0	
ENDTRNS	
TRNS	INVOICE	01/22/2022	Truck: blaram/t	Accounts Receivable	154	0	97108	
SPL	INVOICE	01/22/2022	H2	Sales Income	154	0.0	97108	0.27	0.0	
ENDTRNS	
TRNS	INVOICE	01/22/2022	Truck: WHf150	Accounts Receivable	154	0	97109	
SPL	INVOICE	01/22/2022	H2	Sales Income	154	0.0	97109	0.02	0.0	
ENDTRNS	
TRNS	INVOICE	01/22/2022	Truck: WHitf150	Accounts Receivable	154	0	97110	
SPL	INVOICE	01/22/2022	H2	Sales Income	154	0.0	97110	0.07	0.0	
ENDTRNS	
TRNS	INVOICE	01/22/2022	Truck: Rsuv/	Accounts Receivable	154	10.94	97111	
SPL	INVOICE	01/22/2022	DC	Sales Income	154	-10.94	97111	0.24	45.58	
ENDTRNS	
TRNS	INVOICE	01/22/2022	Truck: WHsuv/t	Accounts Receivable	154	8.21	97112	
SPL	INVOICE	01/22/2022	H1	Sales Income	154	-8.21	97112	0.18	45.61	
ENDTRNS	
TRNS	INVOICE	01/22/2022	Truck: WHivan/tr	Accounts Receivable	154	0	97113	
SPL	INVOICE	01/22/2022	H2	Sales Income	154	0.0	97113	0.93	0.0	
ENDTRNS	
TRNS	INVOICE	01/22/2022	Truck: divertr	Accounts Receivable	154	0	97114	
SPL	INVOICE	01/22/2022	H2	Sales Income	154	0.0	97114	0.08	0.0	
ENDTRNS	
TRNS	INVOICE	01/22/2022	Truck: Sasuti/tr	Accounts Receivable	154	0	97115	
SPL	INVOICE	01/22/2022	H2	Sales Income	154	0.0	97115	0.49	0.0	
ENDTRNS	
TRNS	INVOICE	01/22/2022	Truck: bram/t	Accounts Receivable	154	0	97116	
SPL	INVOICE	01/22/2022	I-2	Sales Income	154	0.0	97116	0.64	0.0	
ENDTRNS	
TRNS	INVOICE	01/22/2022	Truck: WHf350/t	Accounts Receivable	182	7.02	97118	
SPL	INVOICE	01/22/2022	I-1	Sales Income	182	-7.02	97118	0.39	18.0	
ENDTRNS	
TRNS	INVOICE	01/22/2022	Truck: Siltundr	Accounts Receivable	154	0	97119	
SPL	INVOICE	01/22/2022	H2	Sales Income	154	0.0	97119	0.45	0.0	
ENDTRNS	
TRNS	INVOICE	01/22/2022	Truck: brownch/t	Accounts Receivable	154	0	97120	
SPL	INVOICE	01/22/2022	H2	Sales Income	154	0.0	97120	0.69	0.0	
ENDTRNS	
TRNS	INVOICE	01/22/2022	Truck: WHivan/t	Accounts Receivable	154	0	97121	
SPL	INVOICE	01/22/2022	H2	Sales Income	154	0.0	97121	0.31	0.0	
ENDTRNS	
TRNS	INVOICE	01/22/2022	Truck: tanch3500	Accounts Receivable	154	0	97122	
SPL	INVOICE	01/22/2022	H2	Sales Income	154	0.0	97122	0.16	0.0	
ENDTRNS	
TRNS	INVOICE	01/22/2022	Truck: black	Accounts Receivable	154	0	97123	
SPL	INVOICE	01/22/2022	H2	Sales Income	154	0.0	97123	0.09	0.0	
ENDTRNS	
TRNS	INVOICE	01/22/2022	Truck: Redf150	Accounts Receivable	154	0	97124	
SPL	INVOICE	01/22/2022	H2	Sales Income	154	0.0	97124	0.05	0.0	
ENDTRNS	
TRNS	INVOICE	01/24/2022	Truck: 1706comp	Accounts Receivable	240	137.71	97125	
SPL	INVOICE	01/24/2022	H1	Sales Income	240	-137.71	97125	3.02	45.6	
ENDTRNS	
TRNS	INVOICE	01/24/2022	Truck: 154sspt	Accounts Receivable	154	0	97126	
SPL	INVOICE	01/24/2022	H2	Sales Income	154	0.0	97126	0.03	0.0	
ENDTRNS	
TRNS	INVOICE	01/24/2022	Truck: 1921-I	Accounts Receivable	162	0	97127	
SPL	INVOICE	01/24/2022	H2	Sales Income	162	0.0	97127	0.61	0.0	
ENDTRNS	
TRNS	INVOICE	01/24/2022	Truck: 182	Accounts Receivable	182	28.73	97128	
SPL	INVOICE	01/24/2022	DC	Sales Income	182	-28.73	97128	0.63	45.6	
ENDTRNS	
TRNS	INVOICE	01/24/2022	Truck: 2679	Accounts Receivable	173	0	97129	
SPL	INVOICE	01/24/2022	H-3	Sales Income	173	0.0	97129	29.56	0.0	
ENDTRNS	
TRNS	INVOICE	01/24/2022	Truck: 154bsuv	Accounts Receivable	154	0	97130	
SPL	INVOICE	01/24/2022	H2	Sales Income	154	0.0	97130	0.05	0.0	
ENDTRNS	
TRNS	INVOICE	01/24/2022	Truck: 154c3500	Accounts Receivable	154	0	97131	
SPL	INVOICE	01/24/2022	H2	Sales Income	154	0.0	97131	0.03	0.0	
ENDTRNS	
TRNS	INVOICE	01/24/2022	Truck: 1921-C	Accounts Receivable	162	0	97132	
SPL	INVOICE	01/24/2022	H-2	Sales Income	162	0.0	97132	4.23	0.0	
ENDTRNS	
TRNS	INVOICE	01/24/2022	Truck: 154rdfd	Accounts Receivable	154	0	97133	
SPL	INVOICE	01/24/2022	I-2	Sales Income	154	0.0	97133	1.16	0.0	
ENDTRNS	
TRNS	INVOICE	01/24/2022	Truck: 1706cal30	Accounts Receivable	240	34.2	97134	
SPL	INVOICE	01/24/2022	H1	Sales Income	240	-34.2	97134	0.75	45.6	
ENDTRNS	
TRNS	INVOICE	01/24/2022	Truck: 154gtoy	Accounts Receivable	154	0	97135	
SPL	INVOICE	01/24/2022	H2	Sales Income	154	0.0	97135	0.05	0.0	
ENDTRNS	
TRNS	INVOICE	01/24/2022	Truck: 154wchev	Accounts Receivable	154	0	97136	
SPL	INVOICE	01/24/2022	H2	Sales Income	154	0.0	97136	0.08	0.0	
ENDTRNS	
TRNS	INVOICE	01/24/2022	Truck: 154outdoor	Accounts Receivable	154	0	97137	
SPL	INVOICE	01/24/2022	H2	Sales Income	154	0.0	97137	1.24	0.0	
ENDTRNS	
TRNS	INVOICE	01/24/2022	Truck: 154wnis	Accounts Receivable	154	0	97138	
SPL	INVOICE	01/24/2022	H2	Sales Income	154	0.0	97138	0.1	0.0	
ENDTRNS	
TRNS	INVOICE	01/24/2022	Truck: 1921-C	Accounts Receivable	162	0	97139	
SPL	INVOICE	01/24/2022	H-2	Sales Income	162	0.0	97139	7.79	0.0	
ENDTRNS	
TRNS	INVOICE	01/24/2022	Truck: 154wgmc	Accounts Receivable	154	0	97140	
SPL	INVOICE	01/24/2022	H2	Sales Income	154	0.0	97140	0.2	0.0	
ENDTRNS	
TRNS	INVOICE	01/24/2022	Truck: 1925	Accounts Receivable	162	0	97141	
SPL	INVOICE	01/24/2022	H-2	Sales Income	162	0.0	97141	3.8	0.0	
ENDTRNS	
TRNS	INVOICE	01/24/2022	Truck: 154gex	Accounts Receivable	154	0	97142	
SPL	INVOICE	01/24/2022	H2	Sales Income	154	0.0	97142	0.06	0.0	
ENDTRNS	
TRNS	INVOICE	01/24/2022	Truck: Renne's 94	Accounts Receivable	194	33.74	97143	
SPL	INVOICE	01/24/2022	H1	Sales Income	194	-33.74	97143	0.8	42.17	
ENDTRNS	
TRNS	INVOICE	01/24/2022	Truck: 154wchev	Accounts Receivable	154	0	97144	
SPL	INVOICE	01/24/2022	H2	Sales Income	154	0.0	97144	0.01	0.0	
ENDTRNS	
TRNS	INVOICE	01/24/2022	Truck: 154blufd	Accounts Receivable	154	0	97145	
SPL	INVOICE	01/24/2022	H2	Sales Income	154	0.0	97145	0.08	0.0	
ENDTRNS	
TRNS	INVOICE	01/24/2022	Truck: 154burfd	Accounts Receivable	154	0	97146	
SPL	INVOICE	01/24/2022	H2	Sales Income	154	0.0	97146	0.09	0.0	
ENDTRNS	
TRNS	INVOICE	01/24/2022	Truck: 154rdgmc	Accounts Receivable	154	0	97147	
SPL	INVOICE	01/24/2022	H2	Sales Income	154	0.0	97147	0.13	0.0	
ENDTRNS	
TRNS	INVOICE	01/24/2022	Truck: 1921-O	Accounts Receivable	162	0	97148	
SPL	INVOICE	01/24/2022	H-2	Sales Income	162	0.0	97148	2.4	0.0	
ENDTRNS	
TRNS	INVOICE	01/24/2022	Truck: 154wtrk	Accounts Receivable	154	0	97149	
SPL	INVOICE	01/24/2022	H2	Sales Income	154	0.0	97149	0.13	0.0	
ENDTRNS	
TRNS	INVOICE	01/24/2022	Truck: 182gtoy	Accounts Receivable	182	18.7	97150	
SPL	INVOICE	01/24/2022	DC	Sales Income	182	-18.7	97150	0.41	45.61	
ENDTRNS	
TRNS	INVOICE	01/24/2022	Truck: 154outdoor	Accounts Receivable	154	0	97151	
SPL	INVOICE	01/24/2022	H2	Sales Income	154	0.0	97151	0.46	0.0	
ENDTRNS	
TRNS	INVOICE	01/24/2022	Truck: 154suv	Accounts Receivable	154	0	97152	
SPL	INVOICE	01/24/2022	H2	Sales Income	154	0.0	97152	0.07	0.0	
ENDTRNS	
TRNS	INVOICE	01/24/2022	Truck: 154sfd	Accounts Receivable	154	0	97153	
SPL	INVOICE	01/24/2022	H2	Sales Income	154	0.0	97153	0.17	0.0	
ENDTRNS	
TRNS	INVOICE	01/24/2022	Truck: 154gram	Accounts Receivable	154	0	97154	
SPL	INVOICE	01/24/2022	H2	Sales Income	154	0.0	97154	0.14	0.0	
ENDTRNS	
TRNS	INVOICE	01/24/2022	Truck: 2679	Accounts Receivable	173	0	97155	
SPL	INVOICE	01/24/2022	H-3	Sales Income	173	0.0	97155	24.59	0.0	
ENDTRNS	
TRNS	INVOICE	01/24/2022	Truck: 154sfd	Accounts Receivable	154	0	97156	
SPL	INVOICE	01/24/2022	H2	Sales Income	154	0.0	97156	0.76	0.0	
ENDTRNS	
TRNS	INVOICE	01/24/2022	Truck: 154gchev	Accounts Receivable	154	0	97157	
SPL	INVOICE	01/24/2022	H2	Sales Income	154	0.0	97157	0.13	0.0	
ENDTRNS	
TRNS	INVOICE	01/24/2022	Truck: 154gfd	Accounts Receivable	154	0	97158	
SPL	INVOICE	01/24/2022	H2	Sales Income	154	0.0	97158	0.09	0.0	
ENDTRNS	
TRNS	INVOICE	01/24/2022	Truck: 154silchev	Accounts Receivable	154	0	97159	
SPL	INVOICE	01/24/2022	H2	Sales Income	154	0.0	97159	0.33	0.0	
ENDTRNS	
TRNS	INVOICE	01/24/2022	Truck: 154siltoy	Accounts Receivable	154	0	97160	
SPL	INVOICE	01/24/2022	I-2	Sales Income	154	0.0	97160	0.25	0.0	
ENDTRNS	
TRNS	INVOICE	01/24/2022	Truck: 182wfd	Accounts Receivable	182	64.75	97161	
SPL	INVOICE	01/24/2022	DC	Sales Income	182	-64.75	97161	1.42	45.6	
ENDTRNS	
TRNS	INVOICE	01/24/2022	Truck: 1921-O	Accounts Receivable	162	0	97162	
SPL	INVOICE	01/24/2022	H-2	Sales Income	162	0.0	97162	3.16	0.0	
ENDTRNS	
TRNS	INVOICE	01/24/2022	Truck: 182rozell	Accounts Receivable	182	6.38	97163	
SPL	INVOICE	01/24/2022	DC	Sales Income	182	-6.38	97163	0.14	45.57	
ENDTRNS	
TRNS	INVOICE	01/24/2022	Truck: 154siltoy	Accounts Receivable	154	0	97164	
SPL	INVOICE	01/24/2022	I-2	Sales Income	154	0.0	97164	0.06	0.0	
ENDTRNS	
TRNS	INVOICE	01/24/2022	Truck: 154b250	Accounts Receivable	154	0	97165	
SPL	INVOICE	01/24/2022	I-2	Sales Income	154	0.0	97165	0.1	0.0	
ENDTRNS	
TRNS	INVOICE	01/24/2022	Truck: 154whdod	Accounts Receivable	154	0	97166	
SPL	INVOICE	01/24/2022	H2	Sales Income	154	0.0	97166	0.71	0.0	
ENDTRNS	
TRNS	INVOICE	01/24/2022	Truck: 1905	Accounts Receivable	162	0	97167	
SPL	INVOICE	01/24/2022	H-2	Sales Income	162	0.0	97167	7.73	0.0	
ENDTRNS	
TRNS	INVOICE	01/24/2022	Truck: 154silnis	Accounts Receivable	154	0	97168	
SPL	INVOICE	01/24/2022	H2	Sales Income	154	0.0	97168	0.25	0.0	
ENDTRNS	
TRNS	INVOICE	01/24/2022	Truck: 154blkchev	Accounts Receivable	154	0	97169	
SPL	INVOICE	01/24/2022	H2	Sales Income	154	0.0	97169	0.07	0.0	
ENDTRNS	
TRNS	INVOICE	01/24/2022	Truck: 182car	Accounts Receivable	120	23.26	97170	
SPL	INVOICE	01/24/2022	DC	Sales Income	120	-23.26	97170	0.51	45.61	
ENDTRNS	
TRNS	INVOICE	01/24/2022	Truck: 1923	Accounts Receivable	162	0	97171	
SPL	INVOICE	01/24/2022	H-2	Sales Income	162	0.0	97171	9.22	0.0	
ENDTRNS	
TRNS	INVOICE	01/24/2022	Truck: 154gchev	Accounts Receivable	154	0	97172	
SPL	INVOICE	01/24/2022	H2	Sales Income	154	0.0	97172	0.32	0.0	
ENDTRNS	
TRNS	INVOICE	01/24/2022	Truck: 154wchev	Accounts Receivable	154	0	97173	
SPL	INVOICE	01/24/2022	I-2	Sales Income	154	0.0	97173	0.86	0.0	
ENDTRNS	
TRNS	INVOICE	01/24/2022	Truck: 154rddod	Accounts Receivable	154	0	97174	
SPL	INVOICE	01/24/2022	I-2	Sales Income	154	0.0	97174	0.75	0.0	
ENDTRNS	
TRNS	INVOICE	01/24/2022	Truck: 154rdchev	Accounts Receivable	154	0	97175	
SPL	INVOICE	01/24/2022	H2	Sales Income	154	0.0	97175	0.48	0.0	
ENDTRNS	
TRNS	INVOICE	01/24/2022	Truck: 1907	Accounts Receivable	162	0	97176	
SPL	INVOICE	01/24/2022	H-2	Sales Income	162	0.0	97176	5.93	0.0	
ENDTRNS	
TRNS	INVOICE	01/24/2022	Truck: 1925	Accounts Receivable	162	0	97177	
SPL	INVOICE	01/24/2022	H-2	Sales Income	162	0.0	97177	3.99	0.0	
ENDTRNS	
TRNS	INVOICE	01/24/2022	Truck: 154silsprt	Accounts Receivable	154	0	97178	
SPL	INVOICE	01/24/2022	H2	Sales Income	154	0.0	97178	0.18	0.0	
ENDTRNS	
TRNS	INVOICE	01/24/2022	Truck: 1906	Accounts Receivable	162	0	97179	
SPL	INVOICE	01/24/2022	H-2	Sales Income	162	0.0	97179	7.81	0.0	
ENDTRNS	
TRNS	INVOICE	01/24/2022	Truck: 154silfd	Accounts Receivable	154	0	97180	
SPL	INVOICE	01/24/2022	H2	Sales Income	154	0.0	97180	0.22	0.0	
ENDTRNS	
TRNS	INVOICE	01/24/2022	Truck: 182silduel	Accounts Receivable	182	29.64	97181	
SPL	INVOICE	01/24/2022	DC	Sales Income	182	-29.64	97181	0.65	45.6	
ENDTRNS	
TRNS	INVOICE	01/24/2022	Truck: 154schev	Accounts Receivable	154	0	97182	
SPL	INVOICE	01/24/2022	H2	Sales Income	154	0.0	97182	0.16	0.0	
ENDTRNS	
TRNS	INVOICE	01/24/2022	Truck: 154rdchev	Accounts Receivable	154	0	97183	
SPL	INVOICE	01/24/2022	H2	Sales Income	154	0.0	97183	0.26	0.0	
ENDTRNS	
TRNS	INVOICE	01/24/2022	Truck: 154blu	Accounts Receivable	154	0	97184	
SPL	INVOICE	01/24/2022	I-2	Sales Income	154	0.0	97184	1.43	0.0	
ENDTRNS	
TRNS	INVOICE	01/24/2022	Truck: 222	Accounts Receivable	AP 1 vets	4.1	97185	
SPL	INVOICE	01/24/2022	commercial	Sales Income	AP 1 vets	-4.1	97185	0.09	45.56	
ENDTRNS	
TRNS	INVOICE	01/24/2022	Truck: 182ford	Accounts Receivable	182	18.7	97186	
SPL	INVOICE	01/24/2022	DC	Sales Income	182	-18.7	97186	0.41	45.61	
ENDTRNS	
TRNS	INVOICE	01/24/2022	Truck: 154b150	Accounts Receivable	154	0	97187	
SPL	INVOICE	01/24/2022	I-2	Sales Income	154	0.0	97187	0.64	0.0	
ENDTRNS	
TRNS	INVOICE	01/24/2022	Truck: 182charles	Accounts Receivable	182	10.03	97188	
SPL	INVOICE	01/24/2022	DC	Sales Income	182	-10.03	97188	0.22	45.59	
ENDTRNS	
TRNS	INVOICE	01/24/2022	Truck: 1 2 3	Accounts Receivable	154	0	97190	
SPL	INVOICE	01/24/2022	H-2	Sales Income	154	0.0	97190	2.06	0.0	
ENDTRNS	
TRNS	INVOICE	01/24/2022	Truck: 154bluf	Accounts Receivable	154	0	97191	
SPL	INVOICE	01/24/2022	H2	Sales Income	154	0.0	97191	0.37	0.0	
ENDTRNS	
TRNS	INVOICE	01/25/2022	Truck: 1706JCGcom	Accounts Receivable	240	95.76	97192	
SPL	INVOICE	01/25/2022	H1	Sales Income	240	-95.76	97192	2.1	45.6	
ENDTRNS	
TRNS	INVOICE	01/25/2022	Truck: 154mf350/t	Accounts Receivable	182	67.49	97193	
SPL	INVOICE	01/25/2022	DC	Sales Income	182	-67.49	97193	1.48	45.6	
ENDTRNS	
TRNS	INVOICE	01/25/2022	Truck: 154wtund	Accounts Receivable	154	0	97194	
SPL	INVOICE	01/25/2022	H2	Sales Income	154	0.0	97194	0.02	0.0	
ENDTRNS	
TRNS	INVOICE	01/25/2022	Truck: 154blue	Accounts Receivable	182	16.42	97195	
SPL	INVOICE	01/25/2022	H1	Sales Income	182	-16.42	97195	0.36	45.61	
ENDTRNS	
TRNS	INVOICE	01/25/2022	Truck: 154g2500/t	Accounts Receivable	182	27.82	97196	
SPL	INVOICE	01/25/2022	H1	Sales Income	182	-27.82	97196	0.61	45.61	
ENDTRNS	
TRNS	INVOICE	01/25/2022	Truck: 154bram	Accounts Receivable	154	0	97197	
SPL	INVOICE	01/25/2022	H2	Sales Income	154	0.0	97197	0.04	0.0	
ENDTRNS	
TRNS	INVOICE	01/25/2022	Truck: 154wutil	Accounts Receivable	182	19.61	97198	
SPL	INVOICE	01/25/2022	DC	Sales Income	182	-19.61	97198	0.43	45.6	
ENDTRNS	
TRNS	INVOICE	01/25/2022	Truck: 154redf250	Accounts Receivable	154	0	97199	
SPL	INVOICE	01/25/2022	I-2	Sales Income	154	0.0	97199	0.56	0.0	
ENDTRNS	
TRNS	INVOICE	01/25/2022	Truck: 154bf250	Accounts Receivable	154	0	97200	
SPL	INVOICE	01/25/2022	H2	Sales Income	154	0.0	97200	0.05	0.0	
ENDTRNS	
TRNS	INVOICE	01/25/2022	Truck: ABC	Accounts Receivable	243	0	97201	
SPL	INVOICE	01/25/2022	H-4	Sales Income	243	0.0	97201	7.93	0.0	
ENDTRNS	
TRNS	INVOICE	01/25/2022	Truck: 154gator	Accounts Receivable	154	0	97202	
SPL	INVOICE	01/25/2022	H2	Sales Income	154	0.0	97202	0.04	0.0	
ENDTRNS	
TRNS	INVOICE	01/25/2022	Truck: 154wf350	Accounts Receivable	154	0	97203	
SPL	INVOICE	01/25/2022	H2	Sales Income	154	0.0	97203	0.01	0.0	
ENDTRNS	
TRNS	INVOICE	01/25/2022	Truck: 154bcsilve	Accounts Receivable	182	58.82	97204	
SPL	INVOICE	01/25/2022	DC	Sales Income	182	-58.82	97204	1.29	45.6	
ENDTRNS	
TRNS	INVOICE	01/25/2022	Truck: 154wc350/t	Accounts Receivable	154	0	97205	
SPL	INVOICE	01/25/2022	H2	Sales Income	154	0.0	97205	1.83	0.0	
ENDTRNS	
TRNS	INVOICE	01/25/2022	Truck: 154wtac	Accounts Receivable	154	0	97206	
SPL	INVOICE	01/25/2022	H2	Sales Income	154	0.0	97206	0.21	0.0	
ENDTRNS	
TRNS	INVOICE	01/25/2022	Truck: CoH2	Accounts Receivable	154	0	97207	
SPL	INVOICE	01/25/2022	I-2	Sales Income	154	0.0	97207	0.33	0.0	
ENDTRNS	
TRNS	INVOICE	01/25/2022	Truck: 238	Accounts Receivable	238	20.98	97208	
SPL	INVOICE	01/25/2022	DC	Sales Income	238	-20.98	97208	0.46	45.61	
ENDTRNS	
TRNS	INVOICE	01/25/2022	Truck: 154wuyi	Accounts Receivable	182	22.34	97209	
SPL	INVOICE	01/25/2022	DC	Sales Income	182	-22.34	97209	0.49	45.59	
ENDTRNS	
TRNS	INVOICE	01/25/2022	Truck: 2679	Accounts Receivable	173	0	97210	
SPL	INVOICE	01/25/2022	H-3	Sales Income	173	0.0	97210	25.86	0.0	
ENDTRNS	
TRNS	INVOICE	01/25/2022	Truck: 154tan/t	Accounts Receivable	154	0	97211	
SPL	INVOICE	01/25/2022	H2	Sales Income	154	0.0	97211	0.33	0.0	
ENDTRNS	
TRNS	INVOICE	01/25/2022	Truck: 1925	Accounts Receivable	162	0	97212	
SPL	INVOICE	01/25/2022	H-2	Sales Income	162	0.0	97212	6.9	0.0	
ENDTRNS	
TRNS	INVOICE	01/25/2022	Truck: van/	Accounts Receivable	154	0	97213	
SPL	INVOICE	01/25/2022	H2	Sales Income	154	0.0	97213	0.25	0.0	
ENDTRNS	
TRNS	INVOICE	01/25/2022	Truck: CoH2	Accounts Receivable	154	0	97214	
SPL	INVOICE	01/25/2022	I-2	Sales Income	154	0.0	97214	0.22	0.0	
ENDTRNS	
TRNS	INVOICE	01/25/2022	Truck: 154bmc/t	Accounts Receivable	154	0	97215	
SPL	INVOICE	01/25/2022	H2	Sales Income	154	0.0	97215	0.86	0.0	
ENDTRNS	
TRNS	INVOICE	01/25/2022	Truck: 1924	Accounts Receivable	162	0	97216	
SPL	INVOICE	01/25/2022	H-2	Sales Income	162	0.0	97216	7.35	0.0	
ENDTRNS	
TRNS	INVOICE	01/25/2022	Truck: 154bram	Accounts Receivable	154	0	97217	
SPL	INVOICE	01/25/2022	H2	Sales Income	154	0.0	97217	0.17	0.0	
ENDTRNS	
TRNS	INVOICE	01/25/2022	Truck: 154rf250/t	Accounts Receivable	154	0	97218	
SPL	INVOICE	01/25/2022	I-2	Sales Income	154	0.0	97218	0.54	0.0	
ENDTRNS	
TRNS	INVOICE	01/25/2022	Truck: 154w2500	Accounts Receivable	182	18.24	97219	
SPL	INVOICE	01/25/2022	DC	Sales Income	182	-18.24	97219	0.4	45.6	
ENDTRNS	
TRNS	INVOICE	01/25/2022	Truck: 154bf250/t	Accounts Receivable	154	0	97220	
SPL	INVOICE	01/25/2022	I-2	Sales Income	154	0.0	97220	0.16	0.0	
ENDTRNS	
TRNS	INVOICE	01/25/2022	Truck: 1905	Accounts Receivable	162	0	97221	
SPL	INVOICE	01/25/2022	H-2	Sales Income	162	0.0	97221	8.13	0.0	
ENDTRNS	
TRNS	INVOICE	01/25/2022	Truck: 154mvan	Accounts Receivable	154	0	97222	
SPL	INVOICE	01/25/2022	H2	Sales Income	154	0.0	97222	0.02	0.0	
ENDTRNS	
TRNS	INVOICE	01/25/2022	Truck: 154bf150/t	Accounts Receivable	154	0	97223	
SPL	INVOICE	01/25/2022	H2	Sales Income	154	0.0	97223	0.22	0.0	
ENDTRNS	
TRNS	INVOICE	01/25/2022	Truck: 154wf350/t	Accounts Receivable	154	0	97224	
SPL	INVOICE	01/25/2022	H2	Sales Income	154	0.0	97224	0.71	0.0	
ENDTRNS	
TRNS	INVOICE	01/25/2022	Truck: 2664	Accounts Receivable	173	0	97225	
SPL	INVOICE	01/25/2022	H-3	Sales Income	173	0.0	97225	29.43	0.0	
ENDTRNS	
TRNS	INVOICE	01/25/2022	Truck: 1923	Accounts Receivable	162	0	97226	
SPL	INVOICE	01/25/2022	H-2	Sales Income	162	0.0	97226	10.01	0.0	
ENDTRNS	
TRNS	INVOICE	01/25/2022	Truck: 154tg150	Accounts Receivable	154	0	97227	
SPL	INVOICE	01/25/2022	I-2	Sales Income	154	0.0	97227	0.16	0.0	
ENDTRNS	
TRNS	INVOICE	01/25/2022	Truck: 154stac	Accounts Receivable	154	0	97228	
SPL	INVOICE	01/25/2022	H2	Sales Income	154	0.0	97228	0.04	0.0	
ENDTRNS	
TRNS	INVOICE	01/25/2022	Truck: 1907	Accounts Receivable	162	0	97229	
SPL	INVOICE	01/25/2022	H-2	Sales Income	162	0.0	97229	8.75	0.0	
ENDTRNS	
TRNS	INVOICE	01/25/2022	Truck: 154btac/tr	Accounts Receivable	154	0	97230	
SPL	INVOICE	01/25/2022	W-2 (White Goods)	Sales Income	154	0.0	97230	0.31	0.0	
ENDTRNS	
TRNS	INVOICE	01/25/2022	Truck: CoH2	Accounts Receivable	154	0	97231	
SPL	INVOICE	01/25/2022	I-2	Sales Income	154	0.0	97231	0.29	0.0	
ENDTRNS	
TRNS	INVOICE	01/25/2022	Truck: 154silv	Accounts Receivable	154	0	97232	
SPL	INVOICE	01/25/2022	I-2	Sales Income	154	0.0	97232	0.13	0.0	
ENDTRNS	
TRNS	INVOICE	01/25/2022	Truck: 1906	Accounts Receivable	162	0	97233	
SPL	INVOICE	01/25/2022	H-2	Sales Income	162	0.0	97233	9.5	0.0	
ENDTRNS	
TRNS	INVOICE	01/25/2022	Truck: 1925	Accounts Receivable	162	0	97234	
SPL	INVOICE	01/25/2022	H-2	Sales Income	162	0.0	97234	2.36	0.0	
ENDTRNS	
TRNS	INVOICE	01/25/2022	Truck: 154sram150	Accounts Receivable	154	0	97235	
SPL	INVOICE	01/25/2022	H2	Sales Income	154	0.0	97235	0.23	0.0	
ENDTRNS	
TRNS	INVOICE	01/25/2022	Truck: 2679	Accounts Receivable	173	0	97236	
SPL	INVOICE	01/25/2022	H-3	Sales Income	173	0.0	97236	32.57	0.0	
ENDTRNS	
TRNS	INVOICE	01/25/2022	Truck: 154wtac	Accounts Receivable	154	0	97237	
SPL	INVOICE	01/25/2022	H2	Sales Income	154	0.0	97237	0.06	0.0	
ENDTRNS	
TRNS	INVOICE	01/25/2022	Truck: 154rf150/t	Accounts Receivable	154	0	97238	
SPL	INVOICE	01/25/2022	H2	Sales Income	154	0.0	97238	0.6	0.0	
ENDTRNS	
TRNS	INVOICE	01/25/2022	Truck: 154wd/t	Accounts Receivable	154	0	97239	
SPL	INVOICE	01/25/2022	H2	Sales Income	154	0.0	97239	0.21	0.0	
ENDTRNS	
TRNS	INVOICE	01/25/2022	Truck: 154ttoy	Accounts Receivable	154	0	97240	
SPL	INVOICE	01/25/2022	H2	Sales Income	154	0.0	97240	0.11	0.0	
ENDTRNS	
TRNS	INVOICE	01/26/2022	Truck: 1001JCGCOM	Accounts Receivable	240	169.63	97241	
SPL	INVOICE	01/26/2022	H1	Sales Income	240	-169.63	97241	3.72	45.6	
ENDTRNS	
TRNS	INVOICE	01/26/2022	Truck: 154car/t	Accounts Receivable	154	0	97242	
SPL	INVOICE	01/26/2022	I-2	Sales Income	154	0.0	97242	0.61	0.0	
ENDTRNS	
TRNS	INVOICE	01/26/2022	Truck: 154wf150	Accounts Receivable	154	0	97243	
SPL	INVOICE	01/26/2022	H2	Sales Income	154	0.0	97243	0.14	0.0	
ENDTRNS	
TRNS	INVOICE	01/26/2022	Truck: 401-3674	Accounts Receivable	150	0	97244	
SPL	INVOICE	01/26/2022	H2	Sales Income	150	0.0	97244	0.08	0.0	
ENDTRNS	
TRNS	INVOICE	01/26/2022	Truck: 2679	Accounts Receivable	173	0	97245	
SPL	INVOICE	01/26/2022	H-3	Sales Income	173	0.0	97245	29.47	0.0	
ENDTRNS	
TRNS	INVOICE	01/26/2022	Truck: 1001CAL30	Accounts Receivable	240	139.54	97246	
SPL	INVOICE	01/26/2022	H1	Sales Income	240	-139.54	97246	3.06	45.6	
ENDTRNS	
TRNS	INVOICE	01/26/2022	Truck: 182dumpit	Accounts Receivable	182	38.3	97247	
SPL	INVOICE	01/26/2022	H1	Sales Income	182	-38.3	97247	0.84	45.6	
ENDTRNS	
TRNS	INVOICE	01/26/2022	Truck: 154rf150/t	Accounts Receivable	154	0	97248	
SPL	INVOICE	01/26/2022	I-2	Sales Income	154	0.0	97248	0.72	0.0	
ENDTRNS	
TRNS	INVOICE	01/26/2022	Truck: 154mc3500	Accounts Receivable	154	0	97249	
SPL	INVOICE	01/26/2022	H2	Sales Income	154	0.0	97249	0.12	0.0	
ENDTRNS	
TRNS	INVOICE	01/26/2022	Truck: 154sc3500/	Accounts Receivable	182	43.32	97250	
SPL	INVOICE	01/26/2022	DC	Sales Income	182	-43.32	97250	0.95	45.6	
ENDTRNS	
TRNS	INVOICE	01/26/2022	Truck: 154wf350	Accounts Receivable	182	15.05	97251	
SPL	INVOICE	01/26/2022	H1	Sales Income	182	-15.05	97251	0.33	45.61	
ENDTRNS	
TRNS	INVOICE	01/26/2022	Truck: 154bf250/t	Accounts Receivable	180	112.18	97252	
SPL	INVOICE	01/26/2022	DC	Sales Income	180	-112.18	97252	2.46	45.6	
ENDTRNS	
TRNS	INVOICE	01/26/2022	Truck: 154tbc1500	Accounts Receivable	154	0	97253	
SPL	INVOICE	01/26/2022	H2	Sales Income	154	0.0	97253	0.21	0.0	
ENDTRNS	
TRNS	INVOICE	01/26/2022	Truck: 154bf450/t	Accounts Receivable	154	6.84	97254	
SPL	INVOICE	01/26/2022	DC	Sales Income	154	-6.84	97254	0.15	45.6	
ENDTRNS	
TRNS	INVOICE	01/26/2022	Truck: 154wram/	Accounts Receivable	154	15.5	97256	
SPL	INVOICE	01/26/2022	DC	Sales Income	154	-15.5	97256	0.34	45.59	
ENDTRNS	
TRNS	INVOICE	01/26/2022	Truck: 154wcz71	Accounts Receivable	154	0	97257	
SPL	INVOICE	01/26/2022	H2	Sales Income	154	0.0	97257	1.95	0.0	
ENDTRNS	
TRNS	INVOICE	01/26/2022	Truck: 154van	Accounts Receivable	154	0	97258	
SPL	INVOICE	01/26/2022	H2	Sales Income	154	0.0	97258	0.04	0.0	
ENDTRNS	
TRNS	INVOICE	01/26/2022	Truck: 154gsier	Accounts Receivable	154	0	97259	
SPL	INVOICE	01/26/2022	H2	Sales Income	154	0.0	97259	0.12	0.0	
ENDTRNS	
TRNS	INVOICE	01/26/2022	Truck: 154wd/t	Accounts Receivable	154	0	97260	
SPL	INVOICE	01/26/2022	H2	Sales Income	154	0.0	97260	1.54	0.0	
ENDTRNS	
TRNS	INVOICE	01/26/2022	Truck: 154rtoy/t	Accounts Receivable	154	0	97261	
SPL	INVOICE	01/26/2022	H2	Sales Income	154	0.0	97261	0.45	0.0	
ENDTRNS	
TRNS	INVOICE	01/26/2022	Truck: 1925	Accounts Receivable	162	0	97262	
SPL	INVOICE	01/26/2022	H-2	Sales Income	162	0.0	97262	7.68	0.0	
ENDTRNS	
TRNS	INVOICE	01/26/2022	Truck: 2679	Accounts Receivable	173	0	97263	
SPL	INVOICE	01/26/2022	H-3	Sales Income	173	0.0	97263	22.96	0.0	
ENDTRNS	
TRNS	INVOICE	01/26/2022	Truck: 154wf150/t	Accounts Receivable	154	0	97264	
SPL	INVOICE	01/26/2022	H2	Sales Income	154	0.0	97264	0.39	0.0	
ENDTRNS	
TRNS	INVOICE	01/26/2022	Truck: 154rfrang	Accounts Receivable	154	0	97265	
SPL	INVOICE	01/26/2022	H2	Sales Income	154	0.0	97265	0.14	0.0	
ENDTRNS	
TRNS	INVOICE	01/26/2022	Truck: 154wjeep/t	Accounts Receivable	154	0	97266	
SPL	INVOICE	01/26/2022	H2	Sales Income	154	0.0	97266	0.06	0.0	
ENDTRNS	
TRNS	INVOICE	01/26/2022	Truck: 1924	Accounts Receivable	162	0	97267	
SPL	INVOICE	01/26/2022	H-2	Sales Income	162	0.0	97267	4.66	0.0	
ENDTRNS	
TRNS	INVOICE	01/26/2022	Truck: 154bram	Accounts Receivable	154	0	97268	
SPL	INVOICE	01/26/2022	H2	Sales Income	154	0.0	97268	0.03	0.0	
ENDTRNS	
TRNS	INVOICE	01/26/2022	Truck: 154wcsilv/	Accounts Receivable	154	56.09	97269	
SPL	INVOICE	01/26/2022	DC	Sales Income	154	-56.09	97269	1.23	45.6	
ENDTRNS	
TRNS	INVOICE	01/26/2022	Truck: 1915	Accounts Receivable	173	0	97270	
SPL	INVOICE	01/26/2022	H-3	Sales Income	173	0.0	97270	27.4	0.0	
ENDTRNS	
TRNS	INVOICE	01/26/2022	Truck: 154bcf150/	Accounts Receivable	154	46.51	97271	
SPL	INVOICE	01/26/2022	DC	Sales Income	154	-46.51	97271	1.02	45.6	
ENDTRNS	
TRNS	INVOICE	01/26/2022	Truck: 401-3674	Accounts Receivable	150	0	97272	
SPL	INVOICE	01/26/2022	H2	Sales Income	150	0.0	97272	0.21	0.0	
ENDTRNS	
TRNS	INVOICE	01/26/2022	Truck: 154bram	Accounts Receivable	154	0	97273	
SPL	INVOICE	01/26/2022	H2	Sales Income	154	0.0	97273	0.17	0.0	
ENDTRNS	
TRNS	INVOICE	01/26/2022	Truck: 154bf150/t	Accounts Receivable	154	0	97274	
SPL	INVOICE	01/26/2022	I-2	Sales Income	154	0.0	97274	0.71	0.0	
ENDTRNS	
TRNS	INVOICE	01/26/2022	Truck: 154rsilv	Accounts Receivable	154	0	97276	
SPL	INVOICE	01/26/2022	H2	Sales Income	154	0.0	97276	0.06	0.0	
ENDTRNS	
TRNS	INVOICE	01/26/2022	Truck: 154gtit	Accounts Receivable	154	0	97277	
SPL	INVOICE	01/26/2022	H2	Sales Income	154	0.0	97277	0.14	0.0	
ENDTRNS	
TRNS	INVOICE	01/26/2022	Truck: 154rfrang	Accounts Receivable	154	0	97278	
SPL	INVOICE	01/26/2022	H2	Sales Income	154	0.0	97278	0.11	0.0	
ENDTRNS	
TRNS	INVOICE	01/26/2022	Truck: 154wf150/t	Accounts Receivable	154	0	97279	
SPL	INVOICE	01/26/2022	H2	Sales Income	154	0.0	97279	0.44	0.0	
ENDTRNS	
TRNS	INVOICE	01/26/2022	Truck: 154wcs10	Accounts Receivable	154	0	97280	
SPL	INVOICE	01/26/2022	H2	Sales Income	154	0.0	97280	0.06	0.0	
ENDTRNS	
TRNS	INVOICE	01/26/2022	Truck: 154wram	Accounts Receivable	154	0	97281	
SPL	INVOICE	01/26/2022	H2	Sales Income	154	0.0	97281	0.14	0.0	
ENDTRNS	
TRNS	INVOICE	01/26/2022	Truck: 154bf150	Accounts Receivable	154	0	97282	
SPL	INVOICE	01/26/2022	H2	Sales Income	154	0.0	97282	0.25	0.0	
ENDTRNS	
TRNS	INVOICE	01/26/2022	Truck: 154fjeep/	Accounts Receivable	154	0	97283	
SPL	INVOICE	01/26/2022	H2	Sales Income	154	0.0	97283	0.24	0.0	
ENDTRNS	
TRNS	INVOICE	01/26/2022	Truck: 1924	Accounts Receivable	162	0	97284	
SPL	INVOICE	01/26/2022	H-2	Sales Income	162	0.0	97284	5.29	0.0	
ENDTRNS	
TRNS	INVOICE	01/26/2022	Truck: 1923	Accounts Receivable	162	0	97285	
SPL	INVOICE	01/26/2022	H-2	Sales Income	162	0.0	97285	9.41	0.0	
ENDTRNS	
TRNS	INVOICE	01/26/2022	Truck: 154rfran	Accounts Receivable	154	0	97286	
SPL	INVOICE	01/26/2022	H2	Sales Income	154	0.0	97286	0.04	0.0	
ENDTRNS	
TRNS	INVOICE	01/26/2022	Truck: 154rgmc	Accounts Receivable	154	0	97287	
SPL	INVOICE	01/26/2022	H2	Sales Income	154	0.0	97287	0.14	0.0	
ENDTRNS	
TRNS	INVOICE	01/26/2022	Truck: 154bram	Accounts Receivable	154	0	97288	
SPL	INVOICE	01/26/2022	H2	Sales Income	154	0.0	97288	0.21	0.0	
ENDTRNS	
TRNS	INVOICE	01/26/2022	Truck: 154bf150	Accounts Receivable	154	0	97289	
SPL	INVOICE	01/26/2022	H2	Sales Income	154	0.0	97289	0.04	0.0	
ENDTRNS	
TRNS	INVOICE	01/26/2022	Truck: 154scz71	Accounts Receivable	154	0	97290	
SPL	INVOICE	01/26/2022	H2	Sales Income	154	0.0	97290	0.02	0.0	
ENDTRNS	
TRNS	INVOICE	01/26/2022	Truck: 1925	Accounts Receivable	162	0	97291	
SPL	INVOICE	01/26/2022	H-2	Sales Income	162	0.0	97291	1.86	0.0	
ENDTRNS	
TRNS	INVOICE	01/26/2022	Truck: 154ttoy	Accounts Receivable	154	0	97292	
SPL	INVOICE	01/26/2022	H2	Sales Income	154	0.0	97292	0.07	0.0	
ENDTRNS	
TRNS	INVOICE	01/26/2022	Truck: 154btita	Accounts Receivable	154	0	97293	
SPL	INVOICE	01/26/2022	H2	Sales Income	154	0.0	97293	0.04	0.0	
ENDTRNS	
TRNS	INVOICE	01/26/2022	Truck: 1906	Accounts Receivable	162	0	97294	
SPL	INVOICE	01/26/2022	H-2	Sales Income	162	0.0	97294	10.22	0.0	
ENDTRNS	
TRNS	INVOICE	01/26/2022	Truck: 1907	Accounts Receivable	162	0	97295	
SPL	INVOICE	01/26/2022	H-2	Sales Income	162	0.0	97295	8.04	0.0	
ENDTRNS	
TRNS	INVOICE	01/26/2022	Truck: 2679	Accounts Receivable	173	0	97296	
SPL	INVOICE	01/26/2022	H-3	Sales Income	173	0.0	97296	22.95	0.0	
ENDTRNS	
TRNS	INVOICE	01/26/2022	Truck: 405-1489	Accounts Receivable	150	0	97297	
SPL	INVOICE	01/26/2022	I-2	Sales Income	150	0.0	97297	1.36	0.0	
ENDTRNS	
TRNS	INVOICE	01/26/2022	Truck: CoH2	Accounts Receivable	154	0	97298	
SPL	INVOICE	01/26/2022	I-2	Sales Income	154	0.0	97298	0.14	0.0	
ENDTRNS	
TRNS	INVOICE	01/26/2022	Truck: 154bf250/	Accounts Receivable	154	0	97299	
SPL	INVOICE	01/26/2022	H2	Sales Income	154	0.0	97299	0.56	0.0	
ENDTRNS	
TRNS	INVOICE	01/26/2022	Truck: 154sf150	Accounts Receivable	154	0	97300	
SPL	INVOICE	01/26/2022	H2	Sales Income	154	0.0	97300	0.05	0.0	
ENDTRNS	
TRNS	INVOICE	01/26/2022	Truck: 154wch	Accounts Receivable	154	0	97301	
SPL	INVOICE	01/26/2022	H2	Sales Income	154	0.0	97301	0	0.0	
ENDTRNS	
TRNS	INVOICE	01/26/2022	Truck: jeep	Accounts Receivable	154	0	97302	
SPL	INVOICE	01/26/2022	H2	Sales Income	154	0.0	97302	0.07	0.0	
ENDTRNS	
TRNS	INVOICE	01/26/2022	Truck: 1915	Accounts Receivable	173	0	97303	
SPL	INVOICE	01/26/2022	H-3	Sales Income	173	0.0	97303	25.76	0.0	
ENDTRNS	
TRNS	INVOICE	01/26/2022	Truck: 154gf150	Accounts Receivable	154	0	97304	
SPL	INVOICE	01/26/2022	H2	Sales Income	154	0.0	97304	0.13	0.0	
ENDTRNS	
TRNS	INVOICE	01/26/2022	Truck: 154gtun	Accounts Receivable	154	0	97305	
SPL	INVOICE	01/26/2022	H2	Sales Income	154	0.0	97305	0.02	0.0	
ENDTRNS	
TRNS	INVOICE	01/26/2022	Truck: 154bram	Accounts Receivable	154	0	97306	
SPL	INVOICE	01/26/2022	H2	Sales Income	154	0.0	97306	0.14	0.0	
ENDTRNS	
TRNS	INVOICE	01/27/2022	Truck: 1921-C	Accounts Receivable	162	0	97307	
SPL	INVOICE	01/27/2022	H-2	Sales Income	162	0.0	97307	7.41	0.0	
ENDTRNS	
TRNS	INVOICE	01/27/2022	Truck: 154wgmc/	Accounts Receivable	154	8.66	97308	
SPL	INVOICE	01/27/2022	H1	Sales Income	154	-8.66	97308	0.19	45.58	
ENDTRNS	
TRNS	INVOICE	01/27/2022	Truck: 1706JCGcom	Accounts Receivable	240	122.66	97309	
SPL	INVOICE	01/27/2022	H1	Sales Income	240	-122.66	97309	2.69	45.6	
ENDTRNS	
TRNS	INVOICE	01/27/2022	Truck: 405-1489	Accounts Receivable	150	0	97310	
SPL	INVOICE	01/27/2022	I-2	Sales Income	150	0.0	97310	0.81	0.0	
ENDTRNS	
TRNS	INVOICE	01/27/2022	Truck: 2679	Accounts Receivable	173	0	97311	
SPL	INVOICE	01/27/2022	H-3	Sales Income	173	0.0	97311	25.45	0.0	
ENDTRNS	
TRNS	INVOICE	01/27/2022	Truck: 1921-C	Accounts Receivable	162	0	97312	
SPL	INVOICE	01/27/2022	H-2	Sales Income	162	0.0	97312	8.28	0.0	
ENDTRNS	
TRNS	INVOICE	01/27/2022	Truck: 154rf250/t	Accounts Receivable	154	0	97313	
SPL	INVOICE	01/27/2022	H2	Sales Income	154	0.0	97313	0.53	0.0	
ENDTRNS	
TRNS	INVOICE	01/27/2022	Truck: 154bsier	Accounts Receivable	154	0	97314	
SPL	INVOICE	01/27/2022	W-2 (White Goods)	Sales Income	154	0.0	97314	0.24	0.0	
ENDTRNS	
TRNS	INVOICE	01/27/2022	Truck: thornton	Accounts Receivable	154	0	97315	
SPL	INVOICE	01/27/2022	H2	Sales Income	154	0.0	97315	0.14	0.0	
ENDTRNS	
TRNS	INVOICE	01/27/2022	Truck: blackram	Accounts Receivable	154	0	97316	
SPL	INVOICE	01/27/2022	H2	Sales Income	154	0.0	97316	0.1	0.0	
ENDTRNS	
TRNS	INVOICE	01/27/2022	Truck: grayram150	Accounts Receivable	154	0	97317	
SPL	INVOICE	01/27/2022	H2	Sales Income	154	0.0	97317	0.01	0.0	
ENDTRNS	
TRNS	INVOICE	01/27/2022	Truck: Renne's 94	Accounts Receivable	194	36.48	97318	
SPL	INVOICE	01/27/2022	H1	Sales Income	194	-36.48	97318	0.8	45.6	
ENDTRNS	
TRNS	INVOICE	01/27/2022	Truck: Silsilve	Accounts Receivable	154	0	97319	
SPL	INVOICE	01/27/2022	H2	Sales Income	154	0.0	97319	0.05	0.0	
ENDTRNS	
TRNS	INVOICE	01/27/2022	Truck: Redchev	Accounts Receivable	154	0	97320	
SPL	INVOICE	01/27/2022	I-2	Sales Income	154	0.0	97320	0.35	0.0	
ENDTRNS	
TRNS	INVOICE	01/27/2022	Truck: 154bf150	Accounts Receivable	154	0	97321	
SPL	INVOICE	01/27/2022	H2	Sales Income	154	0.0	97321	0.11	0.0	
ENDTRNS	
TRNS	INVOICE	01/27/2022	Truck: 405-1489	Accounts Receivable	150	0	97322	
SPL	INVOICE	01/27/2022	I-2	Sales Income	150	0.0	97322	0.59	0.0	
ENDTRNS	
TRNS	INVOICE	01/27/2022	Truck: 154gc1500	Accounts Receivable	154	0	97323	
SPL	INVOICE	01/27/2022	H2	Sales Income	154	0.0	97323	0.22	0.0	
ENDTRNS	
TRNS	INVOICE	01/27/2022	Truck: 154van/t	Accounts Receivable	154	0	97324	
SPL	INVOICE	01/27/2022	H2	Sales Income	154	0.0	97324	0.08	0.0	
ENDTRNS	
TRNS	INVOICE	01/27/2022	Truck: 154wram/tr	Accounts Receivable	154	0	97326	
SPL	INVOICE	01/27/2022	H2	Sales Income	154	0.0	97326	0.09	0.0	
ENDTRNS	
TRNS	INVOICE	01/27/2022	Truck: 1921-O	Accounts Receivable	162	0	97327	
SPL	INVOICE	01/27/2022	H-2	Sales Income	162	0.0	97327	2.92	0.0	
ENDTRNS	
TRNS	INVOICE	01/27/2022	Truck: 154gf150	Accounts Receivable	154	0	97328	
SPL	INVOICE	01/27/2022	H2	Sales Income	154	0.0	97328	0.05	0.0	
ENDTRNS	
TRNS	INVOICE	01/27/2022	Truck: 154gtund	Accounts Receivable	154	0	97329	
SPL	INVOICE	01/27/2022	H2	Sales Income	154	0.0	97329	0.03	0.0	
ENDTRNS	
TRNS	INVOICE	01/27/2022	Truck: 154rf350	Accounts Receivable	154	0	97330	
SPL	INVOICE	01/27/2022	H2	Sales Income	154	0.0	97330	0.25	0.0	
ENDTRNS	
TRNS	INVOICE	01/27/2022	Truck: 182trane	Accounts Receivable	182	5.47	97331	
SPL	INVOICE	01/27/2022	DC	Sales Income	182	-5.47	97331	0.12	45.58	
ENDTRNS	
TRNS	INVOICE	01/27/2022	Truck: 154btund/	Accounts Receivable	182	0	97332	
SPL	INVOICE	01/27/2022	H2	Sales Income	182	0.0	97332	0.8	0.0	
ENDTRNS	
TRNS	INVOICE	01/27/2022	Truck: 2679	Accounts Receivable	173	0	97333	
SPL	INVOICE	01/27/2022	H-3	Sales Income	173	0.0	97333	24.59	0.0	
ENDTRNS	
TRNS	INVOICE	01/27/2022	Truck: 1921-O	Accounts Receivable	162	0	97334	
SPL	INVOICE	01/27/2022	H-2	Sales Income	162	0.0	97334	0.83	0.0	
ENDTRNS	
TRNS	INVOICE	01/27/2022	Truck: 154bch	Accounts Receivable	182	23.71	97335	
SPL	INVOICE	01/27/2022	DC	Sales Income	182	-23.71	97335	0.52	45.6	
ENDTRNS	
TRNS	INVOICE	01/27/2022	Truck: 154bc1500	Accounts Receivable	154	0	97336	
SPL	INVOICE	01/27/2022	H2	Sales Income	154	0.0	97336	0.06	0.0	
ENDTRNS	
TRNS	INVOICE	01/27/2022	Truck: 1906	Accounts Receivable	162	0	97337	
SPL	INVOICE	01/27/2022	H-2	Sales Income	162	0.0	97337	6.55	0.0	
ENDTRNS	
TRNS	INVOICE	01/27/2022	Truck: 1923	Accounts Receivable	162	0	97338	
SPL	INVOICE	01/27/2022	H-2	Sales Income	162	0.0	97338	7.95	0.0	
ENDTRNS	
TRNS	INVOICE	01/27/2022	Truck: 1905	Accounts Receivable	162	0	97339	
SPL	INVOICE	01/27/2022	H-2	Sales Income	162	0.0	97339	6.03	0.0	
ENDTRNS	
TRNS	INVOICE	01/27/2022	Truck: 154wram350	Accounts Receivable	154	0	97340	
SPL	INVOICE	01/27/2022	H2	Sales Income	154	0.0	97340	0.12	0.0	
ENDTRNS	
TRNS	INVOICE	01/27/2022	Truck: 154sram	Accounts Receivable	154	0	97341	
SPL	INVOICE	01/27/2022	H2	Sales Income	154	0.0	97341	0.22	0.0	
ENDTRNS	
TRNS	INVOICE	01/27/2022	Truck: 1 2 3	Accounts Receivable	154	0	97342	
SPL	INVOICE	01/27/2022	H-2	Sales Income	154	0.0	97342	1.34	0.0	
ENDTRNS	
TRNS	INVOICE	01/27/2022	Truck: 154wf250	Accounts Receivable	154	0	97343	
SPL	INVOICE	01/27/2022	H2	Sales Income	154	0.0	97343	0.05	0.0	
ENDTRNS	
TRNS	INVOICE	01/27/2022	Truck: 182dumpit	Accounts Receivable	182	35.11	97344	
SPL	INVOICE	01/27/2022	H1	Sales Income	182	-35.11	97344	0.77	45.6	
ENDTRNS	
TRNS	INVOICE	01/27/2022	Truck: 154wvan/t	Accounts Receivable	154	0	97345	
SPL	INVOICE	01/27/2022	I-2	Sales Income	154	0.0	97345	0.04	0.0	
ENDTRNS	
TRNS	INVOICE	01/27/2022	Truck: 405-1489	Accounts Receivable	150	0	97346	
SPL	INVOICE	01/27/2022	I-2	Sales Income	150	0.0	97346	1.18	0.0	
ENDTRNS	
TRNS	INVOICE	01/27/2022	Truck: 1925	Accounts Receivable	162	0	97347	
SPL	INVOICE	01/27/2022	H-2	Sales Income	162	0.0	97347	5.72	0.0	
ENDTRNS	
TRNS	INVOICE	01/27/2022	Truck: 1921-O	Accounts Receivable	162	0	97348	
SPL	INVOICE	01/27/2022	H-2	Sales Income	162	0.0	97348	2.63	0.0	
ENDTRNS	
TRNS	INVOICE	01/27/2022	Truck: 154gsuv	Accounts Receivable	154	0	97349	
SPL	INVOICE	01/27/2022	H2	Sales Income	154	0.0	97349	0.03	0.0	
ENDTRNS	
TRNS	INVOICE	01/27/2022	Truck: 1907	Accounts Receivable	162	0	97350	
SPL	INVOICE	01/27/2022	H-2	Sales Income	162	0.0	97350	7.27	0.0	
ENDTRNS	
TRNS	INVOICE	01/27/2022	Truck: 154mc1500	Accounts Receivable	154	0	97351	
SPL	INVOICE	01/27/2022	H2	Sales Income	154	0.0	97351	0.06	0.0	
ENDTRNS	
TRNS	INVOICE	01/27/2022	Truck: 154jeep/t	Accounts Receivable	154	0	97352	
SPL	INVOICE	01/27/2022	H2	Sales Income	154	0.0	97352	0.28	0.0	
ENDTRNS	
TRNS	INVOICE	01/27/2022	Truck: 154rf250/t	Accounts Receivable	154	72.5	97353	
SPL	INVOICE	01/27/2022	DC	Sales Income	154	-72.5	97353	1.59	45.6	
ENDTRNS	
TRNS	INVOICE	01/27/2022	Truck: 182trane	Accounts Receivable	154	4.56	97354	
SPL	INVOICE	01/27/2022	H1	Sales Income	154	-4.56	97354	0.1	45.6	
ENDTRNS	
TRNS	INVOICE	01/27/2022	Truck: 154stac/t	Accounts Receivable	154	0	97355	
SPL	INVOICE	01/27/2022	I-2	Sales Income	154	0.0	97355	0.41	0.0	
ENDTRNS	
TRNS	INVOICE	01/27/2022	Truck: 154wc1500/	Accounts Receivable	154	0	97356	
SPL	INVOICE	01/27/2022	H2	Sales Income	154	0.0	97356	0.41	0.0	
ENDTRNS	
TRNS	INVOICE	01/27/2022	Truck: 154gc2500	Accounts Receivable	154	28.27	97357	
SPL	INVOICE	01/27/2022	H1	Sales Income	154	-28.27	97357	0.62	45.6	
ENDTRNS	
TRNS	INVOICE	01/27/2022	Truck: 405-1489	Accounts Receivable	150	0	97359	
SPL	INVOICE	01/27/2022	I-2	Sales Income	150	0.0	97359	1.21	0.0	
ENDTRNS	
TRNS	INVOICE	01/27/2022	Truck: 154wf150	Accounts Receivable	154	0	97360	
SPL	INVOICE	01/27/2022	H2	Sales Income	154	0.0	97360	0.08	0.0	
ENDTRNS	
TRNS	INVOICE	01/27/2022	Truck: 154bram	Accounts Receivable	154	0	97362	
SPL	INVOICE	01/27/2022	H2	Sales Income	154	0.0	97362	0.05	0.0	
ENDTRNS	
TRNS	INVOICE	01/27/2022	Truck: 154btitan/	Accounts Receivable	154	0	97363	
SPL	INVOICE	01/27/2022	H2	Sales Income	154	0.0	97363	0.31	0.0	
ENDTRNS	
TRNS	INVOICE	01/27/2022	Truck: 154mgmc	Accounts Receivable	154	0	97364	
SPL	INVOICE	01/27/2022	H2	Sales Income	154	0.0	97364	0.08	0.0	
ENDTRNS	
TRNS	INVOICE	01/27/2022	Truck: 2679	Accounts Receivable	173	0	97365	
SPL	INVOICE	01/27/2022	H-3	Sales Income	173	0.0	97365	26.24	0.0	
ENDTRNS	
TRNS	INVOICE	01/27/2022	Truck: 154bgmc/t	Accounts Receivable	154	0	97366	
SPL	INVOICE	01/27/2022	H2	Sales Income	154	0.0	97366	0.31	0.0	
ENDTRNS	
TRNS	INVOICE	01/28/2022	Truck: 1706JCGcom	Accounts Receivable	240	170.54	97367	
SPL	INVOICE	01/28/2022	H1	Sales Income	240	-170.54	97367	3.74	45.6	
ENDTRNS	
TRNS	INVOICE	01/28/2022	Truck: 154mtac	Accounts Receivable	154	0	97368	
SPL	INVOICE	01/28/2022	H2	Sales Income	154	0.0	97368	0.13	0.0	
ENDTRNS	
TRNS	INVOICE	01/28/2022	Truck: 154bgmc/t	Accounts Receivable	182	243.96	97369	
SPL	INVOICE	01/28/2022	DC	Sales Income	182	-243.96	97369	5.35	45.6	
ENDTRNS	
TRNS	INVOICE	01/28/2022	Truck: 154gf150/t	Accounts Receivable	154	0	97370	
SPL	INVOICE	01/28/2022	H2	Sales Income	154	0.0	97370	0.21	0.0	
ENDTRNS	
TRNS	INVOICE	01/28/2022	Truck: 154bfex/t	Accounts Receivable	154	0	97371	
SPL	INVOICE	01/28/2022	I-2	Sales Income	154	0.0	97371	0.12	0.0	
ENDTRNS	
TRNS	INVOICE	01/28/2022	Truck: 1921-O	Accounts Receivable	162	0	97372	
SPL	INVOICE	01/28/2022	I-2	Sales Income	162	0.0	97372	2.92	0.0	
ENDTRNS	
TRNS	INVOICE	01/28/2022	Truck: 154wf350/t	Accounts Receivable	154	0	97373	
SPL	INVOICE	01/28/2022	H2	Sales Income	154	0.0	97373	0.95	0.0	
ENDTRNS	
TRNS	INVOICE	01/28/2022	Truck: 154wd/t	Accounts Receivable	154	0	97374	
SPL	INVOICE	01/28/2022	H2	Sales Income	154	0.0	97374	0.76	0.0	
ENDTRNS	
TRNS	INVOICE	01/28/2022	Truck: 154sc3500/	Accounts Receivable	182	47.88	97375	
SPL	INVOICE	01/28/2022	DC	Sales Income	182	-47.88	97375	1.05	45.6	
ENDTRNS	
TRNS	INVOICE	01/28/2022	Truck: 154wfd/t	Accounts Receivable	182	15.5	97376	
SPL	INVOICE	01/28/2022	DC	Sales Income	182	-15.5	97376	0.34	45.59	
ENDTRNS	
TRNS	INVOICE	01/28/2022	Truck: 2679	Accounts Receivable	173	0	97377	
SPL	INVOICE	01/28/2022	H-3	Sales Income	173	0.0	97377	22.71	0.0	
ENDTRNS	
TRNS	INVOICE	01/28/2022	Truck: 1706JCG20	Accounts Receivable	240	78.43	97379	
SPL	INVOICE	01/28/2022	H1	Sales Income	240	-78.43	97379	1.72	45.6	
ENDTRNS	
TRNS	INVOICE	01/28/2022	Truck: 154sch	Accounts Receivable	154	0	97380	
SPL	INVOICE	01/28/2022	H2	Sales Income	154	0.0	97380	0.15	0.0	
ENDTRNS	
TRNS	INVOICE	01/28/2022	Truck: 154car	Accounts Receivable	154	0	97381	
SPL	INVOICE	01/28/2022	H2	Sales Income	154	0.0	97381	0.01	0.0	
ENDTRNS	
TRNS	INVOICE	01/28/2022	Truck: 154b1500/t	Accounts Receivable	182	42.41	97382	
SPL	INVOICE	01/28/2022	DC	Sales Income	182	-42.41	97382	0.93	45.6	
ENDTRNS	
TRNS	INVOICE	01/28/2022	Truck: 154gf150	Accounts Receivable	154	0	97383	
SPL	INVOICE	01/28/2022	H2	Sales Income	154	0.0	97383	0.04	0.0	
ENDTRNS	
TRNS	INVOICE	01/28/2022	Truck: 154car	Accounts Receivable	154	0	97384	
SPL	INVOICE	01/28/2022	H2	Sales Income	154	0.0	97384	0.05	0.0	
ENDTRNS	
TRNS	INVOICE	01/28/2022	Truck: CoH2	Accounts Receivable	154	0	97385	
SPL	INVOICE	01/28/2022	I-2	Sales Income	154	0.0	97385	0.15	0.0	
ENDTRNS	
TRNS	INVOICE	01/28/2022	Truck: 1921-O	Accounts Receivable	162	0	97386	
SPL	INVOICE	01/28/2022	H-2	Sales Income	162	0.0	97386	0.54	0.0	
ENDTRNS	
TRNS	INVOICE	01/28/2022	Truck: 154stund	Accounts Receivable	154	0	97387	
SPL	INVOICE	01/28/2022	H2	Sales Income	154	0.0	97387	0.05	0.0	
ENDTRNS	
TRNS	INVOICE	01/28/2022	Truck: 154wsilv	Accounts Receivable	154	0	97388	
SPL	INVOICE	01/28/2022	I-2	Sales Income	154	0.0	97388	0.28	0.0	
ENDTRNS	
TRNS	INVOICE	01/28/2022	Truck: 182aval/t	Accounts Receivable	154	0	97389	
SPL	INVOICE	01/28/2022	H2	Sales Income	154	0.0	97389	0.26	0.0	
ENDTRNS	
TRNS	INVOICE	01/28/2022	Truck: 154sram	Accounts Receivable	154	4.1	97390	
SPL	INVOICE	01/28/2022	DC	Sales Income	154	-4.1	97390	0.09	45.56	
ENDTRNS	
TRNS	INVOICE	01/28/2022	Truck: 154suv	Accounts Receivable	154	0	97391	
SPL	INVOICE	01/28/2022	H2	Sales Income	154	0.0	97391	0.02	0.0	
ENDTRNS	
TRNS	INVOICE	01/28/2022	Truck: 1921-O	Accounts Receivable	162	0	97392	
SPL	INVOICE	01/28/2022	H-2	Sales Income	162	0.0	97392	2.06	0.0	
ENDTRNS	
TRNS	INVOICE	01/28/2022	Truck: 154wsilvr	Accounts Receivable	154	0	97393	
SPL	INVOICE	01/28/2022	H2	Sales Income	154	0.0	97393	0.09	0.0	
ENDTRNS	
TRNS	INVOICE	01/28/2022	Truck: 1925	Accounts Receivable	162	0	97394	
SPL	INVOICE	01/28/2022	H-2	Sales Income	162	0.0	97394	7.05	0.0	
ENDTRNS	
TRNS	INVOICE	01/28/2022	Truck: 154wd/t	Accounts Receivable	154	0	97395	
SPL	INVOICE	01/28/2022	H2	Sales Income	154	0.0	97395	0.15	0.0	
ENDTRNS	
TRNS	INVOICE	01/28/2022	Truck: 154wsuv	Accounts Receivable	154	0	97396	
SPL	INVOICE	01/28/2022	H2	Sales Income	154	0.0	97396	0.06	0.0	
ENDTRNS	
TRNS	INVOICE	01/28/2022	Truck: 1923	Accounts Receivable	162	0	97397	
SPL	INVOICE	01/28/2022	H-2	Sales Income	162	0.0	97397	7.9	0.0	
ENDTRNS	
TRNS	INVOICE	01/28/2022	Truck: 154bram	Accounts Receivable	154	0	97398	
SPL	INVOICE	01/28/2022	I-2	Sales Income	154	0.0	97398	0.4	0.0	
ENDTRNS	
TRNS	INVOICE	01/28/2022	Truck: 2679	Accounts Receivable	173	0	97400	
SPL	INVOICE	01/28/2022	H-3	Sales Income	173	0.0	97400	21.51	0.0	
ENDTRNS	
TRNS	INVOICE	01/28/2022	Truck: ABC	Accounts Receivable	243	0	97401	
SPL	INVOICE	01/28/2022	H-4	Sales Income	243	0.0	97401	5.13	0.0	
ENDTRNS	
TRNS	INVOICE	01/28/2022	Truck: 1905	Accounts Receivable	162	0	97402	
SPL	INVOICE	01/28/2022	H-2	Sales Income	162	0.0	97402	7.96	0.0	
ENDTRNS	
TRNS	INVOICE	01/28/2022	Truck: 154wsilver	Accounts Receivable	182	5.02	97403	
SPL	INVOICE	01/28/2022	DC	Sales Income	182	-5.02	97403	0.11	45.64	
ENDTRNS	
TRNS	INVOICE	01/28/2022	Truck: 154suv	Accounts Receivable	154	0	97404	
SPL	INVOICE	01/28/2022	H2	Sales Income	154	0.0	97404	0.03	0.0	
ENDTRNS	
TRNS	INVOICE	01/28/2022	Truck: 154gtund	Accounts Receivable	154	0	97405	
SPL	INVOICE	01/28/2022	H2	Sales Income	154	0.0	97405	0.11	0.0	
ENDTRNS	
TRNS	INVOICE	01/28/2022	Truck: 1907	Accounts Receivable	162	0	97406	
SPL	INVOICE	01/28/2022	H-2	Sales Income	162	0.0	97406	6.82	0.0	
ENDTRNS	
TRNS	INVOICE	01/28/2022	Truck: 154rtitan	Accounts Receivable	154	0	97407	
SPL	INVOICE	01/28/2022	H2	Sales Income	154	0.0	97407	0.07	0.0	
ENDTRNS	
TRNS	INVOICE	01/28/2022	Truck: 154rf150/t	Accounts Receivable	154	50.16	97408	
SPL	INVOICE	01/28/2022	DC	Sales Income	154	-50.16	97408	1.1	45.6	
ENDTRNS	
TRNS	INVOICE	01/28/2022	Truck: 154gc1500	Accounts Receivable	154	0	97409	
SPL	INVOICE	01/28/2022	H2	Sales Income	154	0.0	97409	0.1	0.0	
ENDTRNS	
TRNS	INVOICE	01/28/2022	Truck: 154bram25/	Accounts Receivable	182	44.69	97410	
SPL	INVOICE	01/28/2022	DC	Sales Income	182	-44.69	97410	0.98	45.6	
ENDTRNS	
TRNS	INVOICE	01/28/2022	Truck: 154wcolor	Accounts Receivable	154	0	97411	
SPL	INVOICE	01/28/2022	H2	Sales Income	154	0.0	97411	0.1	0.0	
ENDTRNS	
TRNS	INVOICE	01/28/2022	Truck: 154wtund	Accounts Receivable	154	0	97412	
SPL	INVOICE	01/28/2022	I-2	Sales Income	154	0.0	97412	0.23	0.0	
ENDTRNS	
TRNS	INVOICE	01/28/2022	Truck: 154bf150	Accounts Receivable	154	0	97413	
SPL	INVOICE	01/28/2022	H2	Sales Income	154	0.0	97413	0.29	0.0	
ENDTRNS	
TRNS	INVOICE	01/28/2022	Truck: 154gf150	Accounts Receivable	154	0	97414	
SPL	INVOICE	01/28/2022	H2	Sales Income	154	0.0	97414	0.04	0.0	
ENDTRNS	
TRNS	INVOICE	01/28/2022	Truck: 154gtundr	Accounts Receivable	154	0	97415	
SPL	INVOICE	01/28/2022	H2	Sales Income	154	0.0	97415	0.09	0.0	
ENDTRNS	
TRNS	INVOICE	01/28/2022	Truck: 154bwford	Accounts Receivable	182	8.21	97416	
SPL	INVOICE	01/28/2022	DC	Sales Income	182	-8.21	97416	0.18	45.61	
ENDTRNS	
TRNS	INVOICE	01/28/2022	Truck: 154mc1500	Accounts Receivable	154	0	97417	
SPL	INVOICE	01/28/2022	H2	Sales Income	154	0.0	97417	0.12	0.0	
ENDTRNS	
TRNS	INVOICE	01/28/2022	Truck: CoH2	Accounts Receivable	154	0	97418	
SPL	INVOICE	01/28/2022	H2	Sales Income	154	0.0	97418	0.28	0.0	
ENDTRNS	
TRNS	INVOICE	01/28/2022	Truck: 1906	Accounts Receivable	162	0	97419	
SPL	INVOICE	01/28/2022	H-2	Sales Income	162	0.0	97419	8.22	0.0	
ENDTRNS	
TRNS	INVOICE	01/28/2022	Truck: 154wc2500/	Accounts Receivable	154	0	97420	
SPL	INVOICE	01/28/2022	H2	Sales Income	154	0.0	97420	0.29	0.0	
ENDTRNS	
TRNS	INVOICE	01/28/2022	Truck: 154rram/t	Accounts Receivable	154	25.08	97421	
SPL	INVOICE	01/28/2022	H1	Sales Income	154	-25.08	97421	0.55	45.6	
ENDTRNS	
TRNS	INVOICE	01/28/2022	Truck: 154suv/t	Accounts Receivable	154	0	97422	
SPL	INVOICE	01/28/2022	H2	Sales Income	154	0.0	97422	0.15	0.0	
ENDTRNS	
TRNS	INVOICE	01/28/2022	Truck: 154wd/t	Accounts Receivable	182	42.86	97423	
SPL	INVOICE	01/28/2022	DC	Sales Income	182	-42.86	97423	0.94	45.6	
ENDTRNS	
TRNS	INVOICE	01/28/2022	Truck: 154bcz71	Accounts Receivable	154	0	97424	
SPL	INVOICE	01/28/2022	H2	Sales Income	154	0.0	97424	0.08	0.0	
ENDTRNS	
TRNS	INVOICE	01/28/2022	Truck: 154rram	Accounts Receivable	154	0	97426	
SPL	INVOICE	01/28/2022	H2	Sales Income	154	0.0	97426	0.01	0.0	
ENDTRNS	
TRNS	INVOICE	01/28/2022	Truck: 154bc4x4/t	Accounts Receivable	154	0	97427	
SPL	INVOICE	01/28/2022	H2	Sales Income	154	0.0	97427	0.37	0.0	
ENDTRNS	
TRNS	INVOICE	01/28/2022	Truck: 154wf150	Accounts Receivable	154	0	97428	
SPL	INVOICE	01/28/2022	H2	Sales Income	154	0.0	97428	0.28	0.0	
ENDTRNS	
TRNS	INVOICE	01/28/2022	Truck: 154bram/t	Accounts Receivable	154	0	97429	
SPL	INVOICE	01/28/2022	H2	Sales Income	154	0.0	97429	0.04	0.0	
ENDTRNS	
TRNS	INVOICE	01/28/2022	Truck: 154stund/t	Accounts Receivable	154	0	97430	
SPL	INVOICE	01/28/2022	H2	Sales Income	154	0.0	97430	0.08	0.0	
ENDTRNS	
TRNS	INVOICE	01/28/2022	Truck: 182sc3500/	Accounts Receivable	182	31.92	97431	
SPL	INVOICE	01/28/2022	DC	Sales Income	182	-31.92	97431	0.7	45.6	
ENDTRNS	
TRNS	INVOICE	01/28/2022	Truck: 154wf3500	Accounts Receivable	182	14.59	97432	
SPL	INVOICE	01/28/2022	DC	Sales Income	182	-14.59	97432	0.32	45.59	
ENDTRNS	
TRNS	INVOICE	01/28/2022	Truck: 154wtac	Accounts Receivable	154	0	97433	
SPL	INVOICE	01/28/2022	H2	Sales Income	154	0.0	97433	0.22	0.0	
ENDTRNS	
TRNS	INVOICE	01/28/2022	Truck: 154gf150	Accounts Receivable	154	0	97434	
SPL	INVOICE	01/28/2022	H2	Sales Income	154	0.0	97434	0.08	0.0	
ENDTRNS	
TRNS	INVOICE	01/28/2022	Truck: 2679	Accounts Receivable	173	0	97435	
SPL	INVOICE	01/28/2022	H-3	Sales Income	173	0.0	97435	30.1	0.0	
ENDTRNS	
TRNS	INVOICE	01/28/2022	Truck: 154mgmc/t	Accounts Receivable	154	0	97436	
SPL	INVOICE	01/28/2022	I-2	Sales Income	154	0.0	97436	0.17	0.0	
ENDTRNS	
TRNS	INVOICE	01/28/2022	Truck: 154bch/t	Accounts Receivable	154	0	97437	
SPL	INVOICE	01/28/2022	I-2	Sales Income	154	0.0	97437	0.17	0.0	
ENDTRNS	
TRNS	INVOICE	01/28/2022	Truck: 154rsuv/t	Accounts Receivable	154	0	97438	
SPL	INVOICE	01/28/2022	H2	Sales Income	154	0.0	97438	0.15	0.0	
ENDTRNS	
TRNS	INVOICE	01/29/2022	Truck: 154bf250	Accounts Receivable	154	10.94	97439	
SPL	INVOICE	01/29/2022	DC	Sales Income	154	-10.94	97439	0.24	45.58	
ENDTRNS	
TRNS	INVOICE	01/29/2022	Truck: 154gram150	Accounts Receivable	154	0	97440	
SPL	INVOICE	01/29/2022	H2	Sales Income	154	0.0	97440	0.17	0.0	
ENDTRNS	
TRNS	INVOICE	01/29/2022	Truck: 154bram	Accounts Receivable	154	0	97441	
SPL	INVOICE	01/29/2022	H2	Sales Income	154	0.0	97441	0.04	0.0	
ENDTRNS	
TRNS	INVOICE	01/29/2022	Truck: 154gc1500	Accounts Receivable	154	0	97442	
SPL	INVOICE	01/29/2022	H2	Sales Income	154	0.0	97442	0.15	0.0	
ENDTRNS	
TRNS	INVOICE	01/29/2022	Truck: 1706cal20	Accounts Receivable	240	98.46	97443	
SPL	INVOICE	01/29/2022	I-1	Sales Income	240	-98.46	97443	5.47	18.0	
ENDTRNS	
TRNS	INVOICE	01/29/2022	Truck: 154w1500	Accounts Receivable	154	0	97444	
SPL	INVOICE	01/29/2022	H2	Sales Income	154	0.0	97444	0.01	0.0	
ENDTRNS	
TRNS	INVOICE	01/29/2022	Truck: 154gnis/t	Accounts Receivable	154	0	97445	
SPL	INVOICE	01/29/2022	H2	Sales Income	154	0.0	97445	0.46	0.0	
ENDTRNS	
TRNS	INVOICE	01/29/2022	Truck: 154bgmc	Accounts Receivable	154	0	97446	
SPL	INVOICE	01/29/2022	H2	Sales Income	154	0.0	97446	0.06	0.0	
ENDTRNS	
TRNS	INVOICE	01/29/2022	Truck: 154wtacom	Accounts Receivable	154	0	97447	
SPL	INVOICE	01/29/2022	H2	Sales Income	154	0.0	97447	0.06	0.0	
ENDTRNS	
TRNS	INVOICE	01/29/2022	Truck: 154sf150	Accounts Receivable	154	0	97448	
SPL	INVOICE	01/29/2022	H2	Sales Income	154	0.0	97448	0.04	0.0	
ENDTRNS	
TRNS	INVOICE	01/29/2022	Truck: 154rfrange	Accounts Receivable	154	0	97449	
SPL	INVOICE	01/29/2022	H2	Sales Income	154	0.0	97449	0.15	0.0	
ENDTRNS	
TRNS	INVOICE	01/29/2022	Truck: 154wcsilv/	Accounts Receivable	154	0	97450	
SPL	INVOICE	01/29/2022	I-2	Sales Income	154	0.0	97450	0.25	0.0	
ENDTRNS	
TRNS	INVOICE	01/29/2022	Truck: 154wcolo	Accounts Receivable	154	0	97451	
SPL	INVOICE	01/29/2022	H2	Sales Income	154	0.0	97451	0.05	0.0	
ENDTRNS	
TRNS	INVOICE	01/29/2022	Truck: 154ch1500/	Accounts Receivable	182	13.68	97452	
SPL	INVOICE	01/29/2022	DC	Sales Income	182	-13.68	97452	0.3	45.6	
ENDTRNS	
TRNS	INVOICE	01/29/2022	Truck: 154sc2500/	Accounts Receivable	182	29.18	97453	
SPL	INVOICE	01/29/2022	DC	Sales Income	182	-29.18	97453	0.64	45.59	
ENDTRNS	
TRNS	INVOICE	01/29/2022	Truck: 154brang	Accounts Receivable	154	0	97454	
SPL	INVOICE	01/29/2022	H2	Sales Income	154	0.0	97454	0.02	0.0	
ENDTRNS	
TRNS	INVOICE	01/29/2022	Truck: 154bfrang	Accounts Receivable	154	2.74	97455	
SPL	INVOICE	01/29/2022	DC	Sales Income	154	-2.74	97455	0.06	45.67	
ENDTRNS	
TRNS	INVOICE	01/29/2022	Truck: 154bcsilv	Accounts Receivable	154	0	97456	
SPL	INVOICE	01/29/2022	H2	Sales Income	154	0.0	97456	0.07	0.0	
ENDTRNS	
TRNS	INVOICE	01/29/2022	Truck: 154rccolo	Accounts Receivable	154	0	97457	
SPL	INVOICE	01/29/2022	I-2	Sales Income	154	0.0	97457	0.06	0.0	
ENDTRNS	
TRNS	INVOICE	01/29/2022	Truck: 154gf150	Accounts Receivable	154	0	97458	
SPL	INVOICE	01/29/2022	I-2	Sales Income	154	0.0	97458	0.13	0.0	
ENDTRNS	
TRNS	INVOICE	01/29/2022	Truck: 154gnissan	Accounts Receivable	154	0	97459	
SPL	INVOICE	01/29/2022	H2	Sales Income	154	0.0	97459	0.67	0.0	
ENDTRNS	
TRNS	INVOICE	01/29/2022	Truck: 154bcsilv	Accounts Receivable	154	0	97460	
SPL	INVOICE	01/29/2022	W-2 (White Goods)	Sales Income	154	0.0	97460	0.17	0.0	
ENDTRNS	
TRNS	INVOICE	01/29/2022	Truck: 154bcaval	Accounts Receivable	154	0	97461	
SPL	INVOICE	01/29/2022	H2	Sales Income	154	0.0	97461	0.09	0.0	
ENDTRNS	
TRNS	INVOICE	01/29/2022	Truck: 154wf250	Accounts Receivable	154	0	97462	
SPL	INVOICE	01/29/2022	H2	Sales Income	154	0.0	97462	0	0.0	
ENDTRNS	
TRNS	INVOICE	01/29/2022	Truck: 154rc2500/	Accounts Receivable	154	0	97463	
SPL	INVOICE	01/29/2022	I-2	Sales Income	154	0.0	97463	0.48	0.0	
ENDTRNS	
TRNS	INVOICE	01/29/2022	Truck: 1706Calcom	Accounts Receivable	240	255.82	97464	
SPL	INVOICE	01/29/2022	H1	Sales Income	240	-255.82	97464	5.61	45.6	
ENDTRNS	
TRNS	INVOICE	01/29/2022	Truck: 154wtac	Accounts Receivable	154	0	97465	
SPL	INVOICE	01/29/2022	H2	Sales Income	154	0.0	97465	0.04	0.0	
ENDTRNS	
TRNS	INVOICE	01/29/2022	Truck: 154btundr	Accounts Receivable	154	0	97466	
SPL	INVOICE	01/29/2022	H2	Sales Income	154	0.0	97466	0.01	0.0	
ENDTRNS	
TRNS	INVOICE	01/29/2022	Truck: 154wgmc/t	Accounts Receivable	154	0	97467	
SPL	INVOICE	01/29/2022	H2	Sales Income	154	0.0	97467	0.47	0.0	
ENDTRNS	
TRNS	INVOICE	01/29/2022	Truck: 154mram/t	Accounts Receivable	154	0	97468	
SPL	INVOICE	01/29/2022	W-2 (White Goods)	Sales Income	154	0.0	97468	0.1	0.0	
ENDTRNS	
TRNS	INVOICE	01/29/2022	Truck: 154wccolor	Accounts Receivable	154	0	97469	
SPL	INVOICE	01/29/2022	H2	Sales Income	154	0.0	97469	0.04	0.0	
ENDTRNS	
TRNS	INVOICE	01/29/2022	Truck: 154wc2500	Accounts Receivable	154	0	97470	
SPL	INVOICE	01/29/2022	W-2 (White Goods)	Sales Income	154	0.0	97470	0.13	0.0	
ENDTRNS	
TRNS	INVOICE	01/29/2022	Truck: 154tfcusto	Accounts Receivable	154	0	97471	
SPL	INVOICE	01/29/2022	H2	Sales Income	154	0.0	97471	0.06	0.0	
ENDTRNS	
TRNS	INVOICE	01/29/2022	Truck: 154bram	Accounts Receivable	154	0	97472	
SPL	INVOICE	01/29/2022	H2	Sales Income	154	0.0	97472	0.11	0.0	
ENDTRNS	
TRNS	INVOICE	01/29/2022	Truck: Williamspl	Accounts Receivable	154	0	97473	
SPL	INVOICE	01/29/2022	H2	Sales Income	154	0.0	97473	0.09	0.0	
ENDTRNS	
TRNS	INVOICE	01/29/2022	Truck: 154wram/t	Accounts Receivable	154	0	97474	
SPL	INVOICE	01/29/2022	I-2	Sales Income	154	0.0	97474	5.64	0.0	
ENDTRNS	
TRNS	INVOICE	01/29/2022	Truck: 154gc1500/	Accounts Receivable	154	0	97475	
SPL	INVOICE	01/29/2022	H2	Sales Income	154	0.0	97475	0.34	0.0	
ENDTRNS	
TRNS	INVOICE	01/29/2022	Truck: 154suv	Accounts Receivable	154	0	97477	
SPL	INVOICE	01/29/2022	H2	Sales Income	154	0.0	97477	0.02	0.0	
ENDTRNS	
TRNS	INVOICE	01/29/2022	Truck: 154bram250	Accounts Receivable	154	0	97479	
SPL	INVOICE	01/29/2022	H2	Sales Income	154	0.0	97479	0.2	0.0	
ENDTRNS	
TRNS	INVOICE	01/29/2022	Truck: 154hg150	Accounts Receivable	154	0	97480	
SPL	INVOICE	01/29/2022	H2	Sales Income	154	0.0	97480	0.09	0.0	
ENDTRNS	
TRNS	INVOICE	01/29/2022	Truck: 1706PmRec	Accounts Receivable	240	2.74	97481	
SPL	INVOICE	01/29/2022	H1	Sales Income	240	-2.74	97481	0.06	45.67	
ENDTRNS	
TRNS	INVOICE	01/29/2022	Truck: 154wtac	Accounts Receivable	154	0	97482	
SPL	INVOICE	01/29/2022	H2	Sales Income	154	0.0	97482	0.1	0.0	
ENDTRNS	
TRNS	INVOICE	01/29/2022	Truck: Car	Accounts Receivable	154	0	97483	
SPL	INVOICE	01/29/2022	H2	Sales Income	154	0.0	97483	0.02	0.0	
ENDTRNS	
TRNS	INVOICE	01/29/2022	Truck: 154bf150/t	Accounts Receivable	154	0	97484	
SPL	INVOICE	01/29/2022	H2	Sales Income	154	0.0	97484	0.17	0.0	
ENDTRNS	
TRNS	INVOICE	01/29/2022	Truck: 154wvan/	Accounts Receivable	154	10.94	97485	
SPL	INVOICE	01/29/2022	DC	Sales Income	154	-10.94	97485	0.24	45.58	
ENDTRNS	
TRNS	INVOICE	01/29/2022	Truck: 154wcsilve	Accounts Receivable	154	0	97486	
SPL	INVOICE	01/29/2022	H2	Sales Income	154	0.0	97486	0.09	0.0	
ENDTRNS	
TRNS	INVOICE	01/29/2022	Truck: 154wz71/t	Accounts Receivable	154	0	97487	
SPL	INVOICE	01/29/2022	H2	Sales Income	154	0.0	97487	0.08	0.0	
ENDTRNS	
TRNS	INVOICE	01/29/2022	Truck: 154bgmc/	Accounts Receivable	154	0	97488	
SPL	INVOICE	01/29/2022	H2	Sales Income	154	0.0	97488	0.3	0.0	
ENDTRNS	
TRNS	INVOICE	01/29/2022	Truck: 154bf150/	Accounts Receivable	154	0	97489	
SPL	INVOICE	01/29/2022	H2	Sales Income	154	0.0	97489	0.12	0.0	
ENDTRNS	
TRNS	INVOICE	01/29/2022	Truck: 154gtund	Accounts Receivable	154	0	97490	
SPL	INVOICE	01/29/2022	I-2	Sales Income	154	0.0	97490	0.18	0.0	
ENDTRNS	
TRNS	INVOICE	01/29/2022	Truck: 154bgmc/	Accounts Receivable	154	0	97491	
SPL	INVOICE	01/29/2022	H2	Sales Income	154	0.0	97491	1.06	0.0	
ENDTRNS	
TRNS	INVOICE	01/29/2022	Truck: 154bram.	Accounts Receivable	154	0	97492	
SPL	INVOICE	01/29/2022	H2	Sales Income	154	0.0	97492	0.12	0.0	
ENDTRNS	
TRNS	INVOICE	01/29/2022	Truck: 154gf150	Accounts Receivable	154	0	97493	
SPL	INVOICE	01/29/2022	H2	Sales Income	154	0.0	97493	0.03	0.0	
ENDTRNS	
TRNS	INVOICE	01/29/2022	Truck: 154wram/t	Accounts Receivable	154	0	97494	
SPL	INVOICE	01/29/2022	H2	Sales Income	154	0.0	97494	0.08	0.0	
ENDTRNS	
TRNS	INVOICE	01/29/2022	Truck: 154ggmc	Accounts Receivable	154	0	97495	
SPL	INVOICE	01/29/2022	I-2	Sales Income	154	0.0	97495	0.12	0.0	
ENDTRNS	
TRNS	INVOICE	01/29/2022	Truck: 154wctex	Accounts Receivable	154	0	97496	
SPL	INVOICE	01/29/2022	H2	Sales Income	154	0.0	97496	0.1	0.0	
ENDTRNS	
TRNS	INVOICE	01/29/2022	Truck: 154wvan/	Accounts Receivable	154	16.42	97497	
SPL	INVOICE	01/29/2022	DC	Sales Income	154	-16.42	97497	0.36	45.61	
ENDTRNS	
TRNS	INVOICE	01/29/2022	Truck: 154bcsilve	Accounts Receivable	154	0	97498	
SPL	INVOICE	01/29/2022	H2	Sales Income	154	0.0	97498	0.04	0.0	
ENDTRNS	
TRNS	INVOICE	01/29/2022	Truck: 154bsilv	Accounts Receivable	154	0	97499	
SPL	INVOICE	01/29/2022	H2	Sales Income	154	0.0	97499	0.16	0.0	
ENDTRNS	
TRNS	INVOICE	01/29/2022	Truck: 154wf150	Accounts Receivable	154	0	97500	
SPL	INVOICE	01/29/2022	H2	Sales Income	154	0.0	97500	0.03	0.0	
ENDTRNS	
TRNS	INVOICE	01/29/2022	Truck: 154wvan	Accounts Receivable	154	0	97501	
SPL	INVOICE	01/29/2022	H2	Sales Income	154	0.0	97501	0.06	0.0	
ENDTRNS	
TRNS	INVOICE	01/29/2022	Truck: 154btita	Accounts Receivable	154	0	97502	
SPL	INVOICE	01/29/2022	H2	Sales Income	154	0.0	97502	0.07	0.0	
ENDTRNS	
TRNS	INVOICE	01/29/2022	Truck: 154scsilv	Accounts Receivable	154	0	97504	
SPL	INVOICE	01/29/2022	H2	Sales Income	154	0.0	97504	0.09	0.0	
ENDTRNS	
TRNS	INVOICE	01/29/2022	Truck: 154diamond	Accounts Receivable	154	0	97505	
SPL	INVOICE	01/29/2022	H2	Sales Income	154	0.0	97505	1.1	0.0	
ENDTRNS	
TRNS	INVOICE	01/29/2022	Truck: 154bcust	Accounts Receivable	182	15.96	97506	
SPL	INVOICE	01/29/2022	DC	Sales Income	182	-15.96	97506	0.35	45.6	
ENDTRNS	
TRNS	INVOICE	01/29/2022	Truck: 154rcsilve	Accounts Receivable	154	0	97507	
SPL	INVOICE	01/29/2022	H2	Sales Income	154	0.0	97507	0.09	0.0	
ENDTRNS	
TRNS	INVOICE	01/29/2022	Truck: 154bram	Accounts Receivable	154	0	97508	
SPL	INVOICE	01/29/2022	H2	Sales Income	154	0.0	97508	0.04	0.0	
ENDTRNS	
TRNS	INVOICE	01/29/2022	Truck: 154wgmc	Accounts Receivable	154	0	97509	
SPL	INVOICE	01/29/2022	H2	Sales Income	154	0.0	97509	0.08	0.0	
ENDTRNS	
TRNS	INVOICE	01/29/2022	Truck: 154wdes	Accounts Receivable	154	0	97510	
SPL	INVOICE	01/29/2022	H2	Sales Income	154	0.0	97510	0.03	0.0	
ENDTRNS	
TRNS	INVOICE	01/29/2022	Truck: 154rsuv	Accounts Receivable	154	0	97511	
SPL	INVOICE	01/29/2022	H2	Sales Income	154	0.0	97511	0.14	0.0	
ENDTRNS	
TRNS	INVOICE	01/29/2022	Truck: 154wcsil/t	Accounts Receivable	154	0	97514	
SPL	INVOICE	01/29/2022	I-2	Sales Income	154	0.0	97514	0.12	0.0	
ENDTRNS	
TRNS	INVOICE	01/29/2022	Truck: 154rram/	Accounts Receivable	154	0	97515	
SPL	INVOICE	01/29/2022	H2	Sales Income	154	0.0	97515	0.26	0.0	
ENDTRNS	
TRNS	INVOICE	01/29/2022	Truck: 154bram/	Accounts Receivable	154	0	97516	
SPL	INVOICE	01/29/2022	H2	Sales Income	154	0.0	97516	0.11	0.0	
ENDTRNS	
TRNS	INVOICE	01/29/2022	Truck: 154wf350/t	Accounts Receivable	154	0	97517	
SPL	INVOICE	01/29/2022	H2	Sales Income	154	0.0	97517	0.16	0.0	
ENDTRNS	
TRNS	INVOICE	01/29/2022	Truck: 154yel	Accounts Receivable	154	0	97518	
SPL	INVOICE	01/29/2022	H2	Sales Income	154	0.0	97518	0.17	0.0	
ENDTRNS	
TRNS	INVOICE	01/29/2022	Truck: 154stac	Accounts Receivable	154	0	97520	
SPL	INVOICE	01/29/2022	H2	Sales Income	154	0.0	97520	0.1	0.0	
ENDTRNS	
TRNS	INVOICE	01/29/2022	Truck: 154bcust	Accounts Receivable	154	20.98	97521	
SPL	INVOICE	01/29/2022	DC	Sales Income	154	-20.98	97521	0.46	45.61	
ENDTRNS	
TRNS	INVOICE	01/31/2022	Truck: 1001JCGCOM	Accounts Receivable	240	191.06	97523	
SPL	INVOICE	01/31/2022	H1	Sales Income	240	-191.06	97523	4.19	45.6	
ENDTRNS	
TRNS	INVOICE	01/31/2022	Truck: 182	Accounts Receivable	120	11.4	97524	
SPL	INVOICE	01/31/2022	DC	Sales Income	120	-11.4	97524	0.25	45.6	
ENDTRNS	
TRNS	INVOICE	01/31/2022	Truck: 154blk	Accounts Receivable	154	0	97525	
SPL	INVOICE	01/31/2022	H2	Sales Income	154	0.0	97525	1	0.0	
ENDTRNS	
TRNS	INVOICE	01/31/2022	Truck: 1921-I	Accounts Receivable	162	0	97526	
SPL	INVOICE	01/31/2022	H2	Sales Income	162	0.0	97526	0.63	0.0	
ENDTRNS	
TRNS	INVOICE	01/31/2022	Truck: 154	Accounts Receivable	154	0	97527	
SPL	INVOICE	01/31/2022	H2	Sales Income	154	0.0	97527	0.04	0.0	
ENDTRNS	
TRNS	INVOICE	01/31/2022	Truck: 182	Accounts Receivable	180	129.96	97528	
SPL	INVOICE	01/31/2022	DC	Sales Income	180	-129.96	97528	2.85	45.6	
ENDTRNS	
TRNS	INVOICE	01/31/2022	Truck: 154v	Accounts Receivable	154	0	97529	
SPL	INVOICE	01/31/2022	H2	Sales Income	154	0.0	97529	0.16	0.0	
ENDTRNS	
TRNS	INVOICE	01/31/2022	Truck: 154w	Accounts Receivable	154	0	97530	
SPL	INVOICE	01/31/2022	H2	Sales Income	154	0.0	97530	0.12	0.0	
ENDTRNS	
TRNS	INVOICE	01/31/2022	Truck: 182/1	Accounts Receivable	120	25.99	97531	
SPL	INVOICE	01/31/2022	DC	Sales Income	120	-25.99	97531	0.57	45.6	
ENDTRNS	
TRNS	INVOICE	01/31/2022	Truck: 182blu	Accounts Receivable	182	30.55	97532	
SPL	INVOICE	01/31/2022	DC	Sales Income	182	-30.55	97532	0.67	45.6	
ENDTRNS	
TRNS	INVOICE	01/31/2022	Truck: 154gry	Accounts Receivable	154	0	97533	
SPL	INVOICE	01/31/2022	I-2	Sales Income	154	0.0	97533	0.2	0.0	
ENDTRNS	
TRNS	INVOICE	01/31/2022	Truck: 154gold	Accounts Receivable	154	0	97534	
SPL	INVOICE	01/31/2022	H2	Sales Income	154	0.0	97534	0.22	0.0	
ENDTRNS	
TRNS	INVOICE	01/31/2022	Truck: 1921-O	Accounts Receivable	162	0	97535	
SPL	INVOICE	01/31/2022	H-2	Sales Income	162	0.0	97535	2.46	0.0	
ENDTRNS	
TRNS	INVOICE	01/31/2022	Truck: 182dump	Accounts Receivable	182	28.73	97536	
SPL	INVOICE	01/31/2022	H1	Sales Income	182	-28.73	97536	0.63	45.6	
ENDTRNS	
TRNS	INVOICE	01/31/2022	Truck: 154blu	Accounts Receivable	154	0	97537	
SPL	INVOICE	01/31/2022	H2	Sales Income	154	0.0	97537	0.4	0.0	
ENDTRNS	
TRNS	INVOICE	01/31/2022	Truck: 182blk	Accounts Receivable	182	50.62	97538	
SPL	INVOICE	01/31/2022	DC	Sales Income	182	-50.62	97538	1.11	45.6	
ENDTRNS	
TRNS	INVOICE	01/31/2022	Truck: 182gold	Accounts Receivable	182	42.41	97539	
SPL	INVOICE	01/31/2022	H1	Sales Income	182	-42.41	97539	0.93	45.6	
ENDTRNS	
TRNS	INVOICE	01/31/2022	Truck: 182toy	Accounts Receivable	182	4.1	97540	
SPL	INVOICE	01/31/2022	DC	Sales Income	182	-4.1	97540	0.09	45.56	
ENDTRNS	
TRNS	INVOICE	01/31/2022	Truck: 154van	Accounts Receivable	154	0	97541	
SPL	INVOICE	01/31/2022	H2	Sales Income	154	0.0	97541	0.37	0.0	
ENDTRNS	
TRNS	INVOICE	01/31/2022	Truck: 1904	Accounts Receivable	162	0	97542	
SPL	INVOICE	01/31/2022	H-2	Sales Income	162	0.0	97542	4.43	0.0	
ENDTRNS	
TRNS	INVOICE	01/31/2022	Truck: 1001CAL30	Accounts Receivable	240	21.89	97543	
SPL	INVOICE	01/31/2022	H1	Sales Income	240	-21.89	97543	0.48	45.6	
ENDTRNS	
TRNS	INVOICE	01/31/2022	Truck: Renne's 94	Accounts Receivable	194	27.36	97544	
SPL	INVOICE	01/31/2022	H1	Sales Income	194	-27.36	97544	0.6	45.6	
ENDTRNS	
TRNS	INVOICE	01/31/2022	Truck: 154	Accounts Receivable	236	0	97545	
SPL	INVOICE	01/31/2022	H2	Sales Income	236	0.0	97545	0.76	0.0	
ENDTRNS	
TRNS	INVOICE	01/31/2022	Truck: 182w	Accounts Receivable	182	35.11	97546	
SPL	INVOICE	01/31/2022	DC	Sales Income	182	-35.11	97546	0.77	45.6	
ENDTRNS	
TRNS	INVOICE	01/31/2022	Truck: 1921-O	Accounts Receivable	162	0	97547	
SPL	INVOICE	01/31/2022	H-2	Sales Income	162	0.0	97547	6.09	0.0	
ENDTRNS	
TRNS	INVOICE	01/31/2022	Truck: 154toy	Accounts Receivable	154	0	97548	
SPL	INVOICE	01/31/2022	H2	Sales Income	154	0.0	97548	0.11	0.0	
ENDTRNS	
TRNS	INVOICE	01/31/2022	Truck: 182tub	Accounts Receivable	182	6.84	97549	
SPL	INVOICE	01/31/2022	DC	Sales Income	182	-6.84	97549	0.15	45.6	
ENDTRNS	
TRNS	INVOICE	01/31/2022	Truck: 182ram	Accounts Receivable	182	34.2	97550	
SPL	INVOICE	01/31/2022	DC	Sales Income	182	-34.2	97550	0.75	45.6	
ENDTRNS	
TRNS	INVOICE	01/31/2022	Truck: 182w	Accounts Receivable	182	126.31	97551	
SPL	INVOICE	01/31/2022	DC	Sales Income	182	-126.31	97551	2.77	45.6	
ENDTRNS	
TRNS	INVOICE	01/31/2022	Truck: 154blu	Accounts Receivable	154	0	97552	
SPL	INVOICE	01/31/2022	H2	Sales Income	154	0.0	97552	0.09	0.0	
ENDTRNS	
TRNS	INVOICE	01/31/2022	Truck: 154	Accounts Receivable	154	0	97553	
SPL	INVOICE	01/31/2022	H2	Sales Income	154	0.0	97553	1.23	0.0	
ENDTRNS	
TRNS	INVOICE	01/31/2022	Truck: 154ram	Accounts Receivable	154	0	97554	
SPL	INVOICE	01/31/2022	H2	Sales Income	154	0.0	97554	0.37	0.0	
ENDTRNS	
TRNS	INVOICE	01/31/2022	Truck: 1454ram	Accounts Receivable	154	0	97555	
SPL	INVOICE	01/31/2022	H2	Sales Income	154	0.0	97555	0.07	0.0	
ENDTRNS	
TRNS	INVOICE	01/31/2022	Truck: 154toy	Accounts Receivable	154	0	97556	
SPL	INVOICE	01/31/2022	H2	Sales Income	154	0.0	97556	0.1	0.0	
ENDTRNS	
TRNS	INVOICE	01/31/2022	Truck: 1921-O	Accounts Receivable	162	0	97557	
SPL	INVOICE	01/31/2022	H-2	Sales Income	162	0.0	97557	2.81	0.0	
ENDTRNS	
TRNS	INVOICE	01/31/2022	Truck: 1001CAL30	Accounts Receivable	240	102.6	97558	
SPL	INVOICE	01/31/2022	H1	Sales Income	240	-102.6	97558	2.25	45.6	
ENDTRNS	
TRNS	INVOICE	01/31/2022	Truck: 182	Accounts Receivable	114	3.65	97559	
SPL	INVOICE	01/31/2022	DC	Sales Income	114	-3.65	97559	0.08	45.62	
ENDTRNS	
TRNS	INVOICE	01/31/2022	Truck: 154toy	Accounts Receivable	154	0	97560	
SPL	INVOICE	01/31/2022	H2	Sales Income	154	0.0	97560	0.03	0.0	
ENDTRNS	
TRNS	INVOICE	01/31/2022	Truck: 182sh	Accounts Receivable	182	30.55	97561	
SPL	INVOICE	01/31/2022	DC	Sales Income	182	-30.55	97561	0.67	45.6	
ENDTRNS	
TRNS	INVOICE	01/31/2022	Truck: 182gord	Accounts Receivable	182	49.7	97562	
SPL	INVOICE	01/31/2022	DC	Sales Income	182	-49.7	97562	1.09	45.6	
ENDTRNS	
TRNS	INVOICE	01/31/2022	Truck: 154f	Accounts Receivable	154	0	97563	
SPL	INVOICE	01/31/2022	H2	Sales Income	154	0.0	97563	0.08	0.0	
ENDTRNS	
TRNS	INVOICE	01/31/2022	Truck: 1921-O	Accounts Receivable	162	0	97564	
SPL	INVOICE	01/31/2022	H-2	Sales Income	162	0.0	97564	2.83	0.0	
ENDTRNS	
TRNS	INVOICE	01/31/2022	Truck: 182	Accounts Receivable	238	6.84	97565	
SPL	INVOICE	01/31/2022	DC	Sales Income	238	-6.84	97565	0.15	45.6	
ENDTRNS	
TRNS	INVOICE	01/31/2022	Truck: 154fx4	Accounts Receivable	154	0	97566	
SPL	INVOICE	01/31/2022	I-2	Sales Income	154	0.0	97566	0.24	0.0	
ENDTRNS	
TRNS	INVOICE	01/31/2022	Truck: 154xsp	Accounts Receivable	154	0	97567	
SPL	INVOICE	01/31/2022	I-2	Sales Income	154	0.0	97567	0.56	0.0	
ENDTRNS	
TRNS	INVOICE	01/31/2022	Truck: CoH2	Accounts Receivable	154	0	97568	
SPL	INVOICE	01/31/2022	I-2	Sales Income	154	0.0	97568	0.2	0.0	
ENDTRNS	
TRNS	INVOICE	01/31/2022	Truck: 1904	Accounts Receivable	162	0	97569	
SPL	INVOICE	01/31/2022	H-2	Sales Income	162	0.0	97569	4.81	0.0	
ENDTRNS	
TRNS	INVOICE	01/31/2022	Truck: 154g	Accounts Receivable	154	0	97570	
SPL	INVOICE	01/31/2022	H2	Sales Income	154	0.0	97570	0.61	0.0	
ENDTRNS	
TRNS	INVOICE	01/31/2022	Truck: 1905	Accounts Receivable	162	0	97571	
SPL	INVOICE	01/31/2022	H-2	Sales Income	162	0.0	97571	8.63	0.0	
ENDTRNS	
TRNS	INVOICE	01/31/2022	Truck: 1923	Accounts Receivable	162	0	97572	
SPL	INVOICE	01/31/2022	H-2	Sales Income	162	0.0	97572	9.83	0.0	
ENDTRNS	
TRNS	INVOICE	01/31/2022	Truck: 154suv	Accounts Receivable	154	0	97573	
SPL	INVOICE	01/31/2022	H2	Sales Income	154	0.0	97573	0.3	0.0	
ENDTRNS	
TRNS	INVOICE	01/31/2022	Truck: 1 2 3	Accounts Receivable	154	0	97574	
SPL	INVOICE	01/31/2022	H-2	Sales Income	154	0.0	97574	1.93	0.0	
ENDTRNS	
TRNS	INVOICE	01/31/2022	Truck: 182b	Accounts Receivable	182	5.02	97575	
SPL	INVOICE	01/31/2022	DC	Sales Income	182	-5.02	97575	0.11	45.64	
ENDTRNS	
TRNS	INVOICE	01/31/2022	Truck: 154sub	Accounts Receivable	154	0	97576	
SPL	INVOICE	01/31/2022	H2	Sales Income	154	0.0	97576	0.09	0.0	
ENDTRNS	
TRNS	INVOICE	01/31/2022	Truck: 182	Accounts Receivable	236	0	97577	
SPL	INVOICE	01/31/2022	H2	Sales Income	236	0.0	97577	0.59	0.0	
ENDTRNS	
TRNS	INVOICE	01/31/2022	Truck: 1906	Accounts Receivable	162	0	97578	
SPL	INVOICE	01/31/2022	H-2	Sales Income	162	0.0	97578	9.1	0.0	
ENDTRNS	
TRNS	INVOICE	01/31/2022	Truck: 1907	Accounts Receivable	162	0	97579	
SPL	INVOICE	01/31/2022	H-2	Sales Income	162	0.0	97579	6.58	0.0	
ENDTRNS	
TRNS	INVOICE	01/31/2022	Truck: 154	Accounts Receivable	154	0	97580	
SPL	INVOICE	01/31/2022	H2	Sales Income	154	0.0	97580	0.11	0.0	
ENDTRNS	
TRNS	INVOICE	01/31/2022	Truck: 182fx4	Accounts Receivable	182	43.78	97582	
SPL	INVOICE	01/31/2022	DC	Sales Income	182	-43.78	97582	0.96	45.6	
ENDTRNS	
TRNS	INVOICE	01/31/2022	Truck: 182davis	Accounts Receivable	182	22.8	97583	
SPL	INVOICE	01/31/2022	H1	Sales Income	182	-22.8	97583	0.5	45.6	
ENDTRNS	
TRNS	INVOICE	01/31/2022	Truck: 154ram	Accounts Receivable	154	0	97584	
SPL	INVOICE	01/31/2022	H2	Sales Income	154	0.0	97584	0.31	0.0	
ENDTRNS	
