!TRNS	TRANSTYPE	DATE	MEMO	ACCNT	NAME	AMOUNT	DOCNUM	
!SPL	TRANSTYPE	DATE	MEMO	ACCNT	NAME	AMOUNT	DOCNUM	QNTY	PRICE	
!ENDTRNS	
TRNS	INVOICE	12/01/2020	Truck: 1916	Accounts Receivable	162	0	75877	
SPL	INVOICE	12/01/2020	H-2	Sales Income	162	0.0	75877	3.73	0.0	
ENDTRNS	
TRNS	INVOICE	12/01/2020	Truck: 1904	Accounts Receivable	162	0	75878	
SPL	INVOICE	12/01/2020	H-2	Sales Income	162	0.0	75878	7.04	0.0	
ENDTRNS	
TRNS	INVOICE	12/01/2020	Truck: 1920	Accounts Receivable	162	0	75879	
SPL	INVOICE	12/01/2020	H-2	Sales Income	162	0.0	75879	5.76	0.0	
ENDTRNS	
TRNS	INVOICE	12/01/2020	Truck: 1907	Accounts Receivable	162	0	75880	
SPL	INVOICE	12/01/2020	H-2	Sales Income	162	0.0	75880	9.84	0.0	
ENDTRNS	
TRNS	INVOICE	12/01/2020	Truck: 1912 	Accounts Receivable	162	0	75881	
SPL	INVOICE	12/01/2020	H-2	Sales Income	162	0.0	75881	2.41	0.0	
ENDTRNS	
TRNS	INVOICE	12/01/2020	Truck: 1906	Accounts Receivable	162	0	75882	
SPL	INVOICE	12/01/2020	H-2	Sales Income	162	0.0	75882	0.99	0.0	
ENDTRNS	
TRNS	INVOICE	12/02/2020	Truck: 1891	Accounts Receivable	173	0	75883	
SPL	INVOICE	12/02/2020	H-3	Sales Income	173	0.0	75883	30.04	0.0	
ENDTRNS	
TRNS	INVOICE	12/02/2020	Truck: 1932	Accounts Receivable	172	0	75884	
SPL	INVOICE	12/02/2020	H2	Sales Income	172	0.0	75884	23.26	0.0	
ENDTRNS	
TRNS	INVOICE	12/02/2020	Truck: 1706comp	Accounts Receivable	240	108.53	75885	
SPL	INVOICE	12/02/2020	H1	Sales Income	240	-108.53	75885	2.38	45.6	
ENDTRNS	
TRNS	INVOICE	12/02/2020	Truck: 1921-C	Accounts Receivable	162	0	75886	
SPL	INVOICE	12/02/2020	H-2	Sales Income	162	0.0	75886	7.1	0.0	
ENDTRNS	
TRNS	INVOICE	12/02/2020	Truck: 154	Accounts Receivable	154	0	75887	
SPL	INVOICE	12/02/2020	H-2	Sales Income	154	0.0	75887	0.56	0.0	
ENDTRNS	
TRNS	INVOICE	12/02/2020	Truck: 1542	Accounts Receivable	154	0	75888	
SPL	INVOICE	12/02/2020	H2	Sales Income	154	0.0	75888	0.06	0.0	
ENDTRNS	
TRNS	INVOICE	12/02/2020	Truck: 1895	Accounts Receivable	173	0	75889	
SPL	INVOICE	12/02/2020	H-3	Sales Income	173	0.0	75889	30.47	0.0	
ENDTRNS	
TRNS	INVOICE	12/02/2020	Truck: muncy	Accounts Receivable	182	25.99	75890	
SPL	INVOICE	12/02/2020	DC	Sales Income	182	-25.99	75890	0.57	45.6	
ENDTRNS	
TRNS	INVOICE	12/02/2020	Truck: 182	Accounts Receivable	182	0	75891	
SPL	INVOICE	12/02/2020	H2	Sales Income	182	0.0	75891	0.58	0.0	
ENDTRNS	
TRNS	INVOICE	12/02/2020	Truck: 1547	Accounts Receivable	154	0	75892	
SPL	INVOICE	12/02/2020	H2	Sales Income	154	0.0	75892	0.03	0.0	
ENDTRNS	
TRNS	INVOICE	12/02/2020	Truck: CoH2	Accounts Receivable	154	0	75893	
SPL	INVOICE	12/02/2020	H-2	Sales Income	154	0.0	75893	0.23	0.0	
ENDTRNS	
TRNS	INVOICE	12/02/2020	Truck: 154	Accounts Receivable	154	0	75894	
SPL	INVOICE	12/02/2020	H-2	Sales Income	154	0.0	75894	0.11	0.0	
ENDTRNS	
TRNS	INVOICE	12/02/2020	Truck: 1921-C	Accounts Receivable	162	0	75895	
SPL	INVOICE	12/02/2020	T-3	Sales Income	162	0.0	75895	7.07	0.0	
ENDTRNS	
TRNS	INVOICE	12/02/2020	Truck: 405-1489	Accounts Receivable	150	0	75896	
SPL	INVOICE	12/02/2020	H2	Sales Income	150	0.0	75896	0.92	0.0	
ENDTRNS	
TRNS	INVOICE	12/02/2020	Truck: 1706comp	Accounts Receivable	240	69.31	75897	
SPL	INVOICE	12/02/2020	H1	Sales Income	240	-69.31	75897	1.52	45.6	
ENDTRNS	
TRNS	INVOICE	12/02/2020	Truck: 154	Accounts Receivable	154	0	75898	
SPL	INVOICE	12/02/2020	H-2	Sales Income	154	0.0	75898	0.26	0.0	
ENDTRNS	
TRNS	INVOICE	12/02/2020	Truck: davis	Accounts Receivable	182	114.46	75899	
SPL	INVOICE	12/02/2020	H1	Sales Income	182	-114.46	75899	2.51	45.6	
ENDTRNS	
TRNS	INVOICE	12/02/2020	Truck: 154	Accounts Receivable	154	0	75900	
SPL	INVOICE	12/02/2020	H-2	Sales Income	154	0.0	75900	0.07	0.0	
ENDTRNS	
TRNS	INVOICE	12/02/2020	Truck: 1904	Accounts Receivable	162	0	75901	
SPL	INVOICE	12/02/2020	H-2	Sales Income	162	0.0	75901	10.28	0.0	
ENDTRNS	
TRNS	INVOICE	12/02/2020	Truck: 154	Accounts Receivable	154	0	75902	
SPL	INVOICE	12/02/2020	H-2	Sales Income	154	0.0	75902	0.07	0.0	
ENDTRNS	
TRNS	INVOICE	12/02/2020	Truck: 154	Accounts Receivable	154	0	75903	
SPL	INVOICE	12/02/2020	H-2	Sales Income	154	0.0	75903	0.1	0.0	
ENDTRNS	
TRNS	INVOICE	12/02/2020	Truck: CoH2	Accounts Receivable	154	0	75904	
SPL	INVOICE	12/02/2020	I-2	Sales Income	154	0.0	75904	0.25	0.0	
ENDTRNS	
TRNS	INVOICE	12/02/2020	Truck: 1902	Accounts Receivable	162	0	75905	
SPL	INVOICE	12/02/2020	H-2	Sales Income	162	0.0	75905	6.16	0.0	
ENDTRNS	
TRNS	INVOICE	12/02/2020	Truck: 159	Accounts Receivable	154	0	75906	
SPL	INVOICE	12/02/2020	H2	Sales Income	154	0.0	75906	0.11	0.0	
ENDTRNS	
TRNS	INVOICE	12/02/2020	Truck: 1547	Accounts Receivable	154	0	75907	
SPL	INVOICE	12/02/2020	H2	Sales Income	154	0.0	75907	0.04	0.0	
ENDTRNS	
TRNS	INVOICE	12/02/2020	Truck: 1905	Accounts Receivable	162	0	75908	
SPL	INVOICE	12/02/2020	H-2	Sales Income	162	0.0	75908	8.18	0.0	
ENDTRNS	
TRNS	INVOICE	12/02/2020	Truck: 154pallets	Accounts Receivable	154	0	75909	
SPL	INVOICE	12/02/2020	H2	Sales Income	154	0.0	75909	0.53	0.0	
ENDTRNS	
TRNS	INVOICE	12/02/2020	Truck: 154	Accounts Receivable	154	0	75910	
SPL	INVOICE	12/02/2020	H-2	Sales Income	154	0.0	75910	0.07	0.0	
ENDTRNS	
TRNS	INVOICE	12/02/2020	Truck: 1904	Accounts Receivable	162	0	75911	
SPL	INVOICE	12/02/2020	H-2	Sales Income	162	0.0	75911	2.9	0.0	
ENDTRNS	
TRNS	INVOICE	12/02/2020	Truck: 9080	Accounts Receivable	154	0	75912	
SPL	INVOICE	12/02/2020	H2	Sales Income	154	0.0	75912	0.39	0.0	
ENDTRNS	
TRNS	INVOICE	12/02/2020	Truck: 1907	Accounts Receivable	162	0	75913	
SPL	INVOICE	12/02/2020	H-2	Sales Income	162	0.0	75913	11.81	0.0	
ENDTRNS	
TRNS	INVOICE	12/02/2020	Truck: 182	Accounts Receivable	182	11.4	75914	
SPL	INVOICE	12/02/2020	DC	Sales Income	182	-11.4	75914	0.25	45.6	
ENDTRNS	
TRNS	INVOICE	12/02/2020	Truck: 1891	Accounts Receivable	173	0	75915	
SPL	INVOICE	12/02/2020	H-3	Sales Income	173	0.0	75915	29.28	0.0	
ENDTRNS	
TRNS	INVOICE	12/02/2020	Truck: 405-1489	Accounts Receivable	150	0	75916	
SPL	INVOICE	12/02/2020	I-2	Sales Income	150	0.0	75916	1.24	0.0	
ENDTRNS	
TRNS	INVOICE	12/02/2020	Truck: 154	Accounts Receivable	154	0	75917	
SPL	INVOICE	12/02/2020	H-2	Sales Income	154	0.0	75917	0.31	0.0	
ENDTRNS	
TRNS	INVOICE	12/02/2020	Truck: 154burg	Accounts Receivable	154	0	75918	
SPL	INVOICE	12/02/2020	I-2	Sales Income	154	0.0	75918	0.83	0.0	
ENDTRNS	
TRNS	INVOICE	12/02/2020	Truck: 1903	Accounts Receivable	162	0	75919	
SPL	INVOICE	12/02/2020	H-2	Sales Income	162	0.0	75919	10.83	0.0	
ENDTRNS	
TRNS	INVOICE	12/02/2020	Truck: 154	Accounts Receivable	154	0	75920	
SPL	INVOICE	12/02/2020	H-2	Sales Income	154	0.0	75920	0.43	0.0	
ENDTRNS	
TRNS	INVOICE	12/02/2020	Truck: Carslie	Accounts Receivable	120	36.48	75921	
SPL	INVOICE	12/02/2020	DC	Sales Income	120	-36.48	75921	0.8	45.6	
ENDTRNS	
TRNS	INVOICE	12/02/2020	Truck: 1906	Accounts Receivable	162	0	75922	
SPL	INVOICE	12/02/2020	H-2	Sales Income	162	0.0	75922	12.33	0.0	
ENDTRNS	
TRNS	INVOICE	12/02/2020	Truck: 182	Accounts Receivable	182	26.9	75923	
SPL	INVOICE	12/02/2020	DC	Sales Income	182	-26.9	75923	0.59	45.59	
ENDTRNS	
TRNS	INVOICE	12/03/2020	Truck: 1706comp	Accounts Receivable	240	158.69	75924	
SPL	INVOICE	12/03/2020	H1	Sales Income	240	-158.69	75924	3.48	45.6	
ENDTRNS	
TRNS	INVOICE	12/03/2020	Truck: 1891	Accounts Receivable	173	0	75925	
SPL	INVOICE	12/03/2020	H-3	Sales Income	173	0.0	75925	33.91	0.0	
ENDTRNS	
TRNS	INVOICE	12/03/2020	Truck: brdofed	Accounts Receivable	165	17.33	75926	
SPL	INVOICE	12/03/2020	DC	Sales Income	165	-17.33	75926	0.38	45.61	
ENDTRNS	
TRNS	INVOICE	12/03/2020	Truck: 1921-I	Accounts Receivable	162	0	75927	
SPL	INVOICE	12/03/2020	I-2	Sales Income	162	0.0	75927	1.8	0.0	
ENDTRNS	
TRNS	INVOICE	12/03/2020	Truck: 1307	Accounts Receivable	240	154.13	75928	
SPL	INVOICE	12/03/2020	H1	Sales Income	240	-154.13	75928	3.38	45.6	
ENDTRNS	
TRNS	INVOICE	12/03/2020	Truck: 306154	Accounts Receivable	154	0	75929	
SPL	INVOICE	12/03/2020	I-2	Sales Income	154	0.0	75929	0.33	0.0	
ENDTRNS	
TRNS	INVOICE	12/03/2020	Truck: 1921-O	Accounts Receivable	162	0	75930	
SPL	INVOICE	12/03/2020	H-2	Sales Income	162	0.0	75930	1.38	0.0	
ENDTRNS	
TRNS	INVOICE	12/07/2020	Truck: 1907	Accounts Receivable	162	0	76087	
SPL	INVOICE	12/07/2020	H-2	Sales Income	162	0.0	76087	10.71	0.0	
ENDTRNS	
TRNS	INVOICE	12/07/2020	Truck: 154	Accounts Receivable	154	0	76088	
SPL	INVOICE	12/07/2020	H-2	Sales Income	154	0.0	76088	0.8	0.0	
ENDTRNS	
TRNS	INVOICE	12/07/2020	Truck: 1891	Accounts Receivable	173	0	76089	
SPL	INVOICE	12/07/2020	H-3	Sales Income	173	0.0	76089	23.09	0.0	
ENDTRNS	
TRNS	INVOICE	12/07/2020	Truck: Renee 2	Accounts Receivable	194	21.43	76090	
SPL	INVOICE	12/07/2020	H1	Sales Income	194	-21.43	76090	0.47	45.6	
ENDTRNS	
TRNS	INVOICE	12/07/2020	Truck: 1904	Accounts Receivable	162	0	76091	
SPL	INVOICE	12/07/2020	H-2	Sales Income	162	0.0	76091	5.47	0.0	
ENDTRNS	
TRNS	INVOICE	12/07/2020	Truck: 1902	Accounts Receivable	162	0	76092	
SPL	INVOICE	12/07/2020	H-2	Sales Income	162	0.0	76092	9.32	0.0	
ENDTRNS	
TRNS	INVOICE	12/07/2020	Truck: 154	Accounts Receivable	154	0	76093	
SPL	INVOICE	12/07/2020	I-2	Sales Income	154	0.0	76093	1.71	0.0	
ENDTRNS	
TRNS	INVOICE	12/07/2020	Truck: 1906	Accounts Receivable	162	0	76094	
SPL	INVOICE	12/07/2020	H-2	Sales Income	162	0.0	76094	9.68	0.0	
ENDTRNS	
TRNS	INVOICE	12/07/2020	Truck: 154toy	Accounts Receivable	154	0	76095	
SPL	INVOICE	12/07/2020	H2	Sales Income	154	0.0	76095	0.62	0.0	
ENDTRNS	
TRNS	INVOICE	12/07/2020	Truck: 1910-O	Accounts Receivable	162	0	76096	
SPL	INVOICE	12/07/2020	H-2	Sales Income	162	0.0	76096	1.22	0.0	
ENDTRNS	
TRNS	INVOICE	12/07/2020	Truck: CoH2	Accounts Receivable	154	0	76097	
SPL	INVOICE	12/07/2020	I-2	Sales Income	154	0.0	76097	0.33	0.0	
ENDTRNS	
TRNS	INVOICE	12/07/2020	Truck: 154	Accounts Receivable	154	0	76098	
SPL	INVOICE	12/07/2020	H-2	Sales Income	154	0.0	76098	0.14	0.0	
ENDTRNS	
TRNS	INVOICE	12/07/2020	Truck: 154car	Accounts Receivable	154	0	76099	
SPL	INVOICE	12/07/2020	H2	Sales Income	154	0.0	76099	0.04	0.0	
ENDTRNS	
TRNS	INVOICE	12/07/2020	Truck: 1903	Accounts Receivable	162	0	76100	
SPL	INVOICE	12/07/2020	H-2	Sales Income	162	0.0	76100	7.28	0.0	
ENDTRNS	
TRNS	INVOICE	12/07/2020	Truck: 154	Accounts Receivable	154	0	76101	
SPL	INVOICE	12/07/2020	I-2	Sales Income	154	0.0	76101	0.35	0.0	
ENDTRNS	
TRNS	INVOICE	12/07/2020	Truck: 154s10	Accounts Receivable	154	0	76102	
SPL	INVOICE	12/07/2020	I-2	Sales Income	154	0.0	76102	0.57	0.0	
ENDTRNS	
TRNS	INVOICE	12/07/2020	Truck: CoH2	Accounts Receivable	154	0	76103	
SPL	INVOICE	12/07/2020	I-2	Sales Income	154	0.0	76103	0.33	0.0	
ENDTRNS	
TRNS	INVOICE	12/07/2020	Truck: 154wcar	Accounts Receivable	154	0	76104	
SPL	INVOICE	12/07/2020	H2	Sales Income	154	0.0	76104	0.2	0.0	
ENDTRNS	
TRNS	INVOICE	12/03/2020	Truck: 182	Accounts Receivable	182	41.5	75931	
SPL	INVOICE	12/03/2020	DC	Sales Income	182	-41.5	75931	0.91	45.6	
ENDTRNS	
TRNS	INVOICE	12/03/2020	Truck: 154red	Accounts Receivable	154	0	75932	
SPL	INVOICE	12/03/2020	H2	Sales Income	154	0.0	75932	0.66	0.0	
ENDTRNS	
TRNS	INVOICE	12/03/2020	Truck: 154	Accounts Receivable	154	0	75933	
SPL	INVOICE	12/03/2020	H-2	Sales Income	154	0.0	75933	0.41	0.0	
ENDTRNS	
TRNS	INVOICE	12/03/2020	Truck: bo154	Accounts Receivable	154	0	75934	
SPL	INVOICE	12/03/2020	H2	Sales Income	154	0.0	75934	0.06	0.0	
ENDTRNS	
TRNS	INVOICE	12/03/2020	Truck: 1307	Accounts Receivable	240	123.12	75935	
SPL	INVOICE	12/03/2020	H1	Sales Income	240	-123.12	75935	2.7	45.6	
ENDTRNS	
TRNS	INVOICE	12/03/2020	Truck: 1921-O	Accounts Receivable	162	0	75936	
SPL	INVOICE	12/03/2020	H-2	Sales Income	162	0.0	75936	10.66	0.0	
ENDTRNS	
TRNS	INVOICE	12/03/2020	Truck: 1542	Accounts Receivable	154	0	75937	
SPL	INVOICE	12/03/2020	I-2	Sales Income	154	0.0	75937	0.53	0.0	
ENDTRNS	
TRNS	INVOICE	12/03/2020	Truck: 182	Accounts Receivable	182	37.39	75938	
SPL	INVOICE	12/03/2020	DC	Sales Income	182	-37.39	75938	0.82	45.6	
ENDTRNS	
TRNS	INVOICE	12/03/2020	Truck: 1891	Accounts Receivable	173	0	75939	
SPL	INVOICE	12/03/2020	H-3	Sales Income	173	0.0	75939	22.55	0.0	
ENDTRNS	
TRNS	INVOICE	12/03/2020	Truck: 238	Accounts Receivable	238	100.32	75940	
SPL	INVOICE	12/03/2020	DC	Sales Income	238	-100.32	75940	2.2	45.6	
ENDTRNS	
TRNS	INVOICE	12/03/2020	Truck: 1 2 3	Accounts Receivable	154	0	75941	
SPL	INVOICE	12/03/2020	H-2	Sales Income	154	0.0	75941	1.61	0.0	
ENDTRNS	
TRNS	INVOICE	12/04/2020	Truck: 1706comp	Accounts Receivable	240	183.77	75963	
SPL	INVOICE	12/04/2020	H1	Sales Income	240	-183.77	75963	4.03	45.6	
ENDTRNS	
TRNS	INVOICE	12/04/2020	Truck: 1891	Accounts Receivable	173	0	75964	
SPL	INVOICE	12/04/2020	H-3	Sales Income	173	0.0	75964	19.72	0.0	
ENDTRNS	
TRNS	INVOICE	12/04/2020	Truck: 1910-R	Accounts Receivable	162	0	75965	
SPL	INVOICE	12/04/2020	Outgoing	Sales Income	162	0.0	75965	3.4	0.0	
ENDTRNS	
TRNS	INVOICE	12/04/2020	Truck: 1921-O	Accounts Receivable	162	0	75966	
SPL	INVOICE	12/04/2020	H-2	Sales Income	162	0.0	75966	2.91	0.0	
ENDTRNS	
TRNS	INVOICE	12/04/2020	Truck: 405-1489	Accounts Receivable	150	0	75967	
SPL	INVOICE	12/04/2020	H2	Sales Income	150	0.0	75967	0.23	0.0	
ENDTRNS	
TRNS	INVOICE	12/04/2020	Truck: 1706open	Accounts Receivable	164	72.05	75968	
SPL	INVOICE	12/04/2020	H1	Sales Income	164	-72.05	75968	1.58	45.6	
ENDTRNS	
TRNS	INVOICE	12/04/2020	Truck: 182	Accounts Receivable	182	17.78	75969	
SPL	INVOICE	12/04/2020	DC	Sales Income	182	-17.78	75969	0.39	45.59	
ENDTRNS	
TRNS	INVOICE	12/08/2020	Truck: 1542	Accounts Receivable	154	0	76123	
SPL	INVOICE	12/08/2020	H2	Sales Income	154	0.0	76123	0.03	0.0	
ENDTRNS	
TRNS	INVOICE	12/08/2020	Truck: 154	Accounts Receivable	154	0	76124	
SPL	INVOICE	12/08/2020	H-2	Sales Income	154	0.0	76124	0.12	0.0	
ENDTRNS	
TRNS	INVOICE	12/08/2020	Truck: 1547	Accounts Receivable	154	0	76125	
SPL	INVOICE	12/08/2020	H2	Sales Income	154	0.0	76125	0.9	0.0	
ENDTRNS	
TRNS	INVOICE	12/08/2020	Truck: 154	Accounts Receivable	154	0	76126	
SPL	INVOICE	12/08/2020	H-2	Sales Income	154	0.0	76126	0.92	0.0	
ENDTRNS	
TRNS	INVOICE	12/08/2020	Truck: CoH2	Accounts Receivable	154	0	76127	
SPL	INVOICE	12/08/2020	H-2	Sales Income	154	0.0	76127	0.32	0.0	
ENDTRNS	
TRNS	INVOICE	12/08/2020	Truck: 182	Accounts Receivable	182	95.3	76128	
SPL	INVOICE	12/08/2020	DC	Sales Income	182	-95.3	76128	2.09	45.6	
ENDTRNS	
TRNS	INVOICE	12/08/2020	Truck: Renee 2	Accounts Receivable	194	15.5	76129	
SPL	INVOICE	12/08/2020	H1	Sales Income	194	-15.5	76129	0.34	45.59	
ENDTRNS	
TRNS	INVOICE	12/08/2020	Truck: 1902	Accounts Receivable	162	0	76130	
SPL	INVOICE	12/08/2020	H-2	Sales Income	162	0.0	76130	7.33	0.0	
ENDTRNS	
TRNS	INVOICE	12/08/2020	Truck: 182gren	Accounts Receivable	182	16.42	76131	
SPL	INVOICE	12/08/2020	DC	Sales Income	182	-16.42	76131	0.36	45.61	
ENDTRNS	
TRNS	INVOICE	12/08/2020	Truck: 182	Accounts Receivable	182	9.58	76132	
SPL	INVOICE	12/08/2020	DC	Sales Income	182	-9.58	76132	0.21	45.62	
ENDTRNS	
TRNS	INVOICE	12/08/2020	Truck: Car	Accounts Receivable	154	0	76133	
SPL	INVOICE	12/08/2020	H2	Sales Income	154	0.0	76133	0.05	0.0	
ENDTRNS	
TRNS	INVOICE	12/08/2020	Truck: 182resram	Accounts Receivable	182	8.21	76134	
SPL	INVOICE	12/08/2020	DC	Sales Income	182	-8.21	76134	0.18	45.61	
ENDTRNS	
TRNS	INVOICE	12/08/2020	Truck: 1891	Accounts Receivable	173	0	76135	
SPL	INVOICE	12/08/2020	H-3	Sales Income	173	0.0	76135	26.72	0.0	
ENDTRNS	
TRNS	INVOICE	12/08/2020	Truck: 1920	Accounts Receivable	162	0	76136	
SPL	INVOICE	12/08/2020	H-2	Sales Income	162	0.0	76136	9.37	0.0	
ENDTRNS	
TRNS	INVOICE	12/08/2020	Truck: 1904	Accounts Receivable	162	0	76137	
SPL	INVOICE	12/08/2020	H-2	Sales Income	162	0.0	76137	3.04	0.0	
ENDTRNS	
TRNS	INVOICE	12/08/2020	Truck: 1907	Accounts Receivable	162	0	76138	
SPL	INVOICE	12/08/2020	H-2	Sales Income	162	0.0	76138	9.61	0.0	
ENDTRNS	
TRNS	INVOICE	12/08/2020	Truck: 1903	Accounts Receivable	162	0	76139	
SPL	INVOICE	12/08/2020	H-2	Sales Income	162	0.0	76139	9.57	0.0	
ENDTRNS	
TRNS	INVOICE	12/08/2020	Truck: 154	Accounts Receivable	154	0	76140	
SPL	INVOICE	12/08/2020	I-2	Sales Income	154	0.0	76140	0.39	0.0	
ENDTRNS	
TRNS	INVOICE	12/04/2020	Truck: 182renee	Accounts Receivable	182	15.96	75970	
SPL	INVOICE	12/04/2020	DC	Sales Income	182	-15.96	75970	0.35	45.6	
ENDTRNS	
TRNS	INVOICE	12/04/2020	Truck: 182hand	Accounts Receivable	182	10.49	75971	
SPL	INVOICE	12/04/2020	DC	Sales Income	182	-10.49	75971	0.23	45.61	
ENDTRNS	
TRNS	INVOICE	12/04/2020	Truck: 1921-C	Accounts Receivable	162	0	75972	
SPL	INVOICE	12/04/2020	H-2	Sales Income	162	0.0	75972	10.92	0.0	
ENDTRNS	
TRNS	INVOICE	12/04/2020	Truck: 154blk	Accounts Receivable	154	0	75973	
SPL	INVOICE	12/04/2020	H2	Sales Income	154	0.0	75973	0.05	0.0	
ENDTRNS	
TRNS	INVOICE	12/04/2020	Truck: 1910-R	Accounts Receivable	162	0	75974	
SPL	INVOICE	12/04/2020	Outgoing	Sales Income	162	0.0	75974	4.26	0.0	
ENDTRNS	
TRNS	INVOICE	12/04/2020	Truck: 182ranger	Accounts Receivable	182	4.1	75975	
SPL	INVOICE	12/04/2020	DC	Sales Income	182	-4.1	75975	0.09	45.56	
ENDTRNS	
TRNS	INVOICE	12/04/2020	Truck: 1921-I	Accounts Receivable	162	0	75976	
SPL	INVOICE	12/04/2020	I-2	Sales Income	162	0.0	75976	0.27	0.0	
ENDTRNS	
TRNS	INVOICE	12/04/2020	Truck: 1706open	Accounts Receivable	164	57.91	75977	
SPL	INVOICE	12/04/2020	H1	Sales Income	164	-57.91	75977	1.27	45.6	
ENDTRNS	
TRNS	INVOICE	12/05/2020	Truck: 154	Accounts Receivable	154	0	76006	
SPL	INVOICE	12/05/2020	I-2	Sales Income	154	0.0	76006	0.62	0.0	
ENDTRNS	
TRNS	INVOICE	12/05/2020	Truck: Car	Accounts Receivable	154	0	76007	
SPL	INVOICE	12/05/2020	H2	Sales Income	154	0.0	76007	0.03	0.0	
ENDTRNS	
TRNS	INVOICE	12/05/2020	Truck: matt	Accounts Receivable	154	0	76008	
SPL	INVOICE	12/05/2020	H2	Sales Income	154	0.0	76008	0.09	0.0	
ENDTRNS	
TRNS	INVOICE	12/05/2020	Truck: jeff	Accounts Receivable	154	0	76009	
SPL	INVOICE	12/05/2020	H2	Sales Income	154	0.0	76009	0.1	0.0	
ENDTRNS	
TRNS	INVOICE	12/05/2020	Truck: 154na	Accounts Receivable	154	0	76010	
SPL	INVOICE	12/05/2020	I-2	Sales Income	154	0.0	76010	0.17	0.0	
ENDTRNS	
TRNS	INVOICE	12/05/2020	Truck: brad	Accounts Receivable	182	69.31	76011	
SPL	INVOICE	12/05/2020	DC	Sales Income	182	-69.31	76011	1.52	45.6	
ENDTRNS	
TRNS	INVOICE	12/05/2020	Truck: farm	Accounts Receivable	154	0	76012	
SPL	INVOICE	12/05/2020	H2	Sales Income	154	0.0	76012	0.66	0.0	
ENDTRNS	
TRNS	INVOICE	12/05/2020	Truck: 154	Accounts Receivable	154	0	76013	
SPL	INVOICE	12/05/2020	H-2	Sales Income	154	0.0	76013	0.08	0.0	
ENDTRNS	
TRNS	INVOICE	12/05/2020	Truck: 154	Accounts Receivable	154	0	76014	
SPL	INVOICE	12/05/2020	H-2	Sales Income	154	0.0	76014	0.24	0.0	
ENDTRNS	
TRNS	INVOICE	12/05/2020	Truck: 1542	Accounts Receivable	154	12.31	76015	
SPL	INVOICE	12/05/2020	DC	Sales Income	154	-12.31	76015	0.27	45.59	
ENDTRNS	
TRNS	INVOICE	12/09/2020	Truck: 1822	Accounts Receivable	182	122.21	76183	
SPL	INVOICE	12/09/2020	DC	Sales Income	182	-122.21	76183	2.68	45.6	
ENDTRNS	
TRNS	INVOICE	12/09/2020	Truck: Car	Accounts Receivable	154	0	76184	
SPL	INVOICE	12/09/2020	H2	Sales Income	154	0.0	76184	0.06	0.0	
ENDTRNS	
TRNS	INVOICE	12/09/2020	Truck: CoH2	Accounts Receivable	154	0	76185	
SPL	INVOICE	12/09/2020	I-2	Sales Income	154	0.0	76185	0.5	0.0	
ENDTRNS	
TRNS	INVOICE	12/09/2020	Truck: 1895	Accounts Receivable	173	0	76186	
SPL	INVOICE	12/09/2020	H-3	Sales Income	173	0.0	76186	33.35	0.0	
ENDTRNS	
TRNS	INVOICE	12/10/2020	Truck: 1706comp	Accounts Receivable	240	128.14	76187	
SPL	INVOICE	12/10/2020	H1	Sales Income	240	-128.14	76187	2.81	45.6	
ENDTRNS	
TRNS	INVOICE	12/10/2020	Truck: 1891	Accounts Receivable	173	0	76188	
SPL	INVOICE	12/10/2020	H-3	Sales Income	173	0.0	76188	26.76	0.0	
ENDTRNS	
TRNS	INVOICE	12/10/2020	Truck: CoH2	Accounts Receivable	154	0	76189	
SPL	INVOICE	12/10/2020	I-2	Sales Income	154	0.0	76189	0.34	0.0	
ENDTRNS	
TRNS	INVOICE	12/10/2020	Truck: 1910-O	Accounts Receivable	162	0	76190	
SPL	INVOICE	12/10/2020	H-2	Sales Income	162	0.0	76190	0.44	0.0	
ENDTRNS	
TRNS	INVOICE	12/10/2020	Truck: 182f150	Accounts Receivable	182	29.64	76191	
SPL	INVOICE	12/10/2020	DC	Sales Income	182	-29.64	76191	0.65	45.6	
ENDTRNS	
TRNS	INVOICE	12/10/2020	Truck: 154ram	Accounts Receivable	154	0	76192	
SPL	INVOICE	12/10/2020	H2	Sales Income	154	0.0	76192	0.46	0.0	
ENDTRNS	
TRNS	INVOICE	12/10/2020	Truck: 154redtoy	Accounts Receivable	154	0	76193	
SPL	INVOICE	12/10/2020	H2	Sales Income	154	0.0	76193	0.07	0.0	
ENDTRNS	
TRNS	INVOICE	12/10/2020	Truck: 182/1706	Accounts Receivable	240	41.04	76194	
SPL	INVOICE	12/10/2020	H1	Sales Income	240	-41.04	76194	0.9	45.6	
ENDTRNS	
TRNS	INVOICE	12/10/2020	Truck: 154	Accounts Receivable	182	9.58	76195	
SPL	INVOICE	12/10/2020	DC	Sales Income	182	-9.58	76195	0.21	45.62	
ENDTRNS	
TRNS	INVOICE	12/10/2020	Truck: 154redf	Accounts Receivable	154	0	76196	
SPL	INVOICE	12/10/2020	H2	Sales Income	154	0.0	76196	0.15	0.0	
ENDTRNS	
TRNS	INVOICE	12/10/2020	Truck: 1910-C	Accounts Receivable	162	0	76197	
SPL	INVOICE	12/10/2020	H-2	Sales Income	162	0.0	76197	5.91	0.0	
ENDTRNS	
TRNS	INVOICE	12/10/2020	Truck: 154	Accounts Receivable	154	0	76198	
SPL	INVOICE	12/10/2020	H-2	Sales Income	154	0.0	76198	0.07	0.0	
ENDTRNS	
TRNS	INVOICE	12/10/2020	Truck: 238	Accounts Receivable	238	18.24	76199	
SPL	INVOICE	12/10/2020	DC	Sales Income	238	-18.24	76199	0.4	45.6	
ENDTRNS	
TRNS	INVOICE	12/10/2020	Truck: 182wf350	Accounts Receivable	182	79.34	76200	
SPL	INVOICE	12/10/2020	DC	Sales Income	182	-79.34	76200	1.74	45.6	
ENDTRNS	
TRNS	INVOICE	12/10/2020	Truck: 154/su	Accounts Receivable	154	0	76208	
SPL	INVOICE	12/10/2020	I-2	Sales Income	154	0.0	76208	1.93	0.0	
ENDTRNS	
TRNS	INVOICE	12/10/2020	Truck: 1 2 3	Accounts Receivable	154	0	76209	
SPL	INVOICE	12/10/2020	H-2	Sales Income	154	0.0	76209	1.54	0.0	
ENDTRNS	
TRNS	INVOICE	12/10/2020	Truck: 182blkram	Accounts Receivable	182	54.72	76210	
SPL	INVOICE	12/10/2020	DC	Sales Income	182	-54.72	76210	1.2	45.6	
ENDTRNS	
TRNS	INVOICE	12/10/2020	Truck: 1910-C	Accounts Receivable	162	0	76211	
SPL	INVOICE	12/10/2020	H-2	Sales Income	162	0.0	76211	6.18	0.0	
ENDTRNS	
TRNS	INVOICE	12/10/2020	Truck: 154	Accounts Receivable	154	0	76212	
SPL	INVOICE	12/10/2020	H-2	Sales Income	154	0.0	76212	0.24	0.0	
ENDTRNS	
TRNS	INVOICE	12/10/2020	Truck: 1906	Accounts Receivable	162	0	76213	
SPL	INVOICE	12/10/2020	H-2	Sales Income	162	0.0	76213	6.66	0.0	
ENDTRNS	
TRNS	INVOICE	12/10/2020	Truck: 154bu	Accounts Receivable	154	0	76214	
SPL	INVOICE	12/10/2020	I-2	Sales Income	154	0.0	76214	0.3	0.0	
ENDTRNS	
TRNS	INVOICE	12/10/2020	Truck: 154wt	Accounts Receivable	154	0	76215	
SPL	INVOICE	12/10/2020	H2	Sales Income	154	0.0	76215	0.08	0.0	
ENDTRNS	
TRNS	INVOICE	12/10/2020	Truck: 154siverni	Accounts Receivable	154	0	76216	
SPL	INVOICE	12/10/2020	I-2	Sales Income	154	0.0	76216	0.22	0.0	
ENDTRNS	
TRNS	INVOICE	12/10/2020	Truck: 1910-O	Accounts Receivable	162	0	76217	
SPL	INVOICE	12/10/2020	H-2	Sales Income	162	0.0	76217	2.32	0.0	
ENDTRNS	
TRNS	INVOICE	12/10/2020	Truck: 1907	Accounts Receivable	162	0	76218	
SPL	INVOICE	12/10/2020	H-2	Sales Income	162	0.0	76218	6.59	0.0	
ENDTRNS	
TRNS	INVOICE	12/10/2020	Truck: 154su	Accounts Receivable	154	0	76219	
SPL	INVOICE	12/10/2020	I-2	Sales Income	154	0.0	76219	0.72	0.0	
ENDTRNS	
TRNS	INVOICE	12/10/2020	Truck: 154wlt	Accounts Receivable	154	0	76220	
SPL	INVOICE	12/10/2020	H2	Sales Income	154	0.0	76220	0.11	0.0	
ENDTRNS	
TRNS	INVOICE	12/10/2020	Truck: 1904	Accounts Receivable	162	0	76221	
SPL	INVOICE	12/10/2020	H-2	Sales Income	162	0.0	76221	7.01	0.0	
ENDTRNS	
TRNS	INVOICE	12/10/2020	Truck: 154wch	Accounts Receivable	154	0	76222	
SPL	INVOICE	12/10/2020	I-2	Sales Income	154	0.0	76222	0.56	0.0	
ENDTRNS	
TRNS	INVOICE	12/10/2020	Truck: 1920	Accounts Receivable	162	0	76223	
SPL	INVOICE	12/10/2020	H-2	Sales Income	162	0.0	76223	6.59	0.0	
ENDTRNS	
TRNS	INVOICE	12/10/2020	Truck: 182	Accounts Receivable	222	1.37	76224	
SPL	INVOICE	12/10/2020	AP 1	Sales Income	222	-1.37	76224	0.03	45.67	
ENDTRNS	
TRNS	INVOICE	12/10/2020	Truck: 154wtund	Accounts Receivable	154	0	76225	
SPL	INVOICE	12/10/2020	I-2	Sales Income	154	0.0	76225	1.15	0.0	
ENDTRNS	
TRNS	INVOICE	12/05/2020	Truck: 1547	Accounts Receivable	154	0	76016	
SPL	INVOICE	12/05/2020	I-2	Sales Income	154	0.0	76016	0.1	0.0	
ENDTRNS	
TRNS	INVOICE	12/07/2020	Truck: 1706comp	Accounts Receivable	240	156.41	76055	
SPL	INVOICE	12/07/2020	H1	Sales Income	240	-156.41	76055	3.43	45.6	
ENDTRNS	
TRNS	INVOICE	12/07/2020	Truck: 238	Accounts Receivable	238	36.02	76056	
SPL	INVOICE	12/07/2020	DC	Sales Income	238	-36.02	76056	0.79	45.59	
ENDTRNS	
TRNS	INVOICE	12/07/2020	Truck: 154	Accounts Receivable	154	0	76057	
SPL	INVOICE	12/07/2020	I-2	Sales Income	154	0.0	76057	0.74	0.0	
ENDTRNS	
TRNS	INVOICE	12/07/2020	Truck: 182	Accounts Receivable	122	48.79	76058	
SPL	INVOICE	12/07/2020	DC	Sales Income	122	-48.79	76058	1.07	45.6	
ENDTRNS	
TRNS	INVOICE	12/07/2020	Truck: 1910-O	Accounts Receivable	162	0	76059	
SPL	INVOICE	12/07/2020	H-2	Sales Income	162	0.0	76059	2.18	0.0	
ENDTRNS	
TRNS	INVOICE	12/07/2020	Truck: 154wtoy	Accounts Receivable	154	0	76060	
SPL	INVOICE	12/07/2020	I-2	Sales Income	154	0.0	76060	0.31	0.0	
ENDTRNS	
TRNS	INVOICE	12/07/2020	Truck: 182	Accounts Receivable	182	42.41	76062	
SPL	INVOICE	12/07/2020	DC	Sales Income	182	-42.41	76062	0.93	45.6	
ENDTRNS	
TRNS	INVOICE	12/07/2020	Truck: 182/1706	Accounts Receivable	240	38.76	76063	
SPL	INVOICE	12/07/2020	H1	Sales Income	240	-38.76	76063	0.85	45.6	
ENDTRNS	
TRNS	INVOICE	12/07/2020	Truck: 154/car	Accounts Receivable	154	0	76064	
SPL	INVOICE	12/07/2020	H2	Sales Income	154	0.0	76064	0.33	0.0	
ENDTRNS	
TRNS	INVOICE	12/07/2020	Truck: 1910-O	Accounts Receivable	162	0	76065	
SPL	INVOICE	12/07/2020	H-2	Sales Income	162	0.0	76065	2.25	0.0	
ENDTRNS	
TRNS	INVOICE	12/07/2020	Truck: 154f250	Accounts Receivable	154	0	76066	
SPL	INVOICE	12/07/2020	H2	Sales Income	154	0.0	76066	0.15	0.0	
ENDTRNS	
TRNS	INVOICE	12/07/2020	Truck: 154s250	Accounts Receivable	154	0	76067	
SPL	INVOICE	12/07/2020	H2	Sales Income	154	0.0	76067	0.36	0.0	
ENDTRNS	
TRNS	INVOICE	12/07/2020	Truck: 1904	Accounts Receivable	162	0	76068	
SPL	INVOICE	12/07/2020	H-2	Sales Income	162	0.0	76068	4.98	0.0	
ENDTRNS	
TRNS	INVOICE	12/07/2020	Truck: 154	Accounts Receivable	154	0	76069	
SPL	INVOICE	12/07/2020	H-2	Sales Income	154	0.0	76069	0.14	0.0	
ENDTRNS	
TRNS	INVOICE	12/07/2020	Truck: 154	Accounts Receivable	154	0	76070	
SPL	INVOICE	12/07/2020	H-2	Sales Income	154	0.0	76070	0.42	0.0	
ENDTRNS	
TRNS	INVOICE	12/07/2020	Truck: 182	Accounts Receivable	182	49.7	76071	
SPL	INVOICE	12/07/2020	DC	Sales Income	182	-49.7	76071	1.09	45.6	
ENDTRNS	
TRNS	INVOICE	12/07/2020	Truck: CoH2	Accounts Receivable	154	0	76072	
SPL	INVOICE	12/07/2020	I-2	Sales Income	154	0.0	76072	0.33	0.0	
ENDTRNS	
TRNS	INVOICE	12/11/2020	Truck: 154182	Accounts Receivable	182	28.27	76242	
SPL	INVOICE	12/11/2020	H1	Sales Income	182	-28.27	76242	0.62	45.6	
ENDTRNS	
TRNS	INVOICE	12/11/2020	Truck: 1891	Accounts Receivable	173	0	76243	
SPL	INVOICE	12/11/2020	H-3	Sales Income	173	0.0	76243	28.06	0.0	
ENDTRNS	
TRNS	INVOICE	12/11/2020	Truck: 182	Accounts Receivable	182	18.24	76244	
SPL	INVOICE	12/11/2020	DC	Sales Income	182	-18.24	76244	0.4	45.6	
ENDTRNS	
TRNS	INVOICE	12/11/2020	Truck: 154ram	Accounts Receivable	154	0	76245	
SPL	INVOICE	12/11/2020	H2	Sales Income	154	0.0	76245	0.31	0.0	
ENDTRNS	
TRNS	INVOICE	12/11/2020	Truck: 1910-O	Accounts Receivable	162	0	76246	
SPL	INVOICE	12/11/2020	H-2	Sales Income	162	0.0	76246	1.59	0.0	
ENDTRNS	
TRNS	INVOICE	12/11/2020	Truck: 182	Accounts Receivable	182	66.12	76247	
SPL	INVOICE	12/11/2020	DC	Sales Income	182	-66.12	76247	1.45	45.6	
ENDTRNS	
TRNS	INVOICE	12/11/2020	Truck: Co H 3	Accounts Receivable	154	0	76248	
SPL	INVOICE	12/11/2020	H-2	Sales Income	154	0.0	76248	0.29	0.0	
ENDTRNS	
TRNS	INVOICE	12/11/2020	Truck: Renee 2	Accounts Receivable	194	17.33	76249	
SPL	INVOICE	12/11/2020	H1	Sales Income	194	-17.33	76249	0.38	45.61	
ENDTRNS	
TRNS	INVOICE	12/11/2020	Truck: 154	Accounts Receivable	154	0	76250	
SPL	INVOICE	12/11/2020	H-2	Sales Income	154	0.0	76250	1.02	0.0	
ENDTRNS	
TRNS	INVOICE	12/11/2020	Truck: 1542	Accounts Receivable	154	0	76251	
SPL	INVOICE	12/11/2020	H2	Sales Income	154	0.0	76251	0.52	0.0	
ENDTRNS	
TRNS	INVOICE	12/11/2020	Truck: 1543	Accounts Receivable	154	0	76252	
SPL	INVOICE	12/11/2020	H2	Sales Income	154	0.0	76252	0.04	0.0	
ENDTRNS	
TRNS	INVOICE	12/11/2020	Truck: 1825	Accounts Receivable	182	0	76253	
SPL	INVOICE	12/11/2020	H2	Sales Income	182	0.0	76253	0.58	0.0	
ENDTRNS	
TRNS	INVOICE	12/11/2020	Truck: 1910-O	Accounts Receivable	162	0	76254	
SPL	INVOICE	12/11/2020	H-2	Sales Income	162	0.0	76254	2.86	0.0	
ENDTRNS	
TRNS	INVOICE	12/11/2020	Truck: 182blk	Accounts Receivable	182	15.05	76255	
SPL	INVOICE	12/11/2020	DC	Sales Income	182	-15.05	76255	0.33	45.61	
ENDTRNS	
TRNS	INVOICE	12/11/2020	Truck: 405-1489	Accounts Receivable	150	0	76256	
SPL	INVOICE	12/11/2020	I-2	Sales Income	150	0.0	76256	1.84	0.0	
ENDTRNS	
TRNS	INVOICE	12/11/2020	Truck: CoH2	Accounts Receivable	154	0	76257	
SPL	INVOICE	12/11/2020	H-2	Sales Income	154	0.0	76257	3.19	0.0	
ENDTRNS	
TRNS	INVOICE	12/11/2020	Truck: 182	Accounts Receivable	182	82.08	76258	
SPL	INVOICE	12/11/2020	DC	Sales Income	182	-82.08	76258	1.8	45.6	
ENDTRNS	
TRNS	INVOICE	12/11/2020	Truck: 139	Accounts Receivable	154	0	76259	
SPL	INVOICE	12/11/2020	H2	Sales Income	154	0.0	76259	0.24	0.0	
ENDTRNS	
TRNS	INVOICE	12/07/2020	Truck: 154fsuv	Accounts Receivable	154	0	76105	
SPL	INVOICE	12/07/2020	H2	Sales Income	154	0.0	76105	0.26	0.0	
ENDTRNS	
TRNS	INVOICE	12/07/2020	Truck: 182chevy	Accounts Receivable	182	24.17	76106	
SPL	INVOICE	12/07/2020	DC	Sales Income	182	-24.17	76106	0.53	45.6	
ENDTRNS	
TRNS	INVOICE	12/08/2020	Truck: 1891	Accounts Receivable	173	0	76107	
SPL	INVOICE	12/08/2020	H-3	Sales Income	173	0.0	76107	29.01	0.0	
ENDTRNS	
TRNS	INVOICE	12/08/2020	Truck: 1706comp	Accounts Receivable	240	120.84	76108	
SPL	INVOICE	12/08/2020	H1	Sales Income	240	-120.84	76108	2.65	45.6	
ENDTRNS	
TRNS	INVOICE	12/08/2020	Truck: 154	Accounts Receivable	154	0	76109	
SPL	INVOICE	12/08/2020	H-2	Sales Income	154	0.0	76109	0.83	0.0	
ENDTRNS	
TRNS	INVOICE	12/08/2020	Truck: Co H 3	Accounts Receivable	154	0	76110	
SPL	INVOICE	12/08/2020	H-2	Sales Income	154	0.0	76110	0.26	0.0	
ENDTRNS	
TRNS	INVOICE	12/08/2020	Truck: 182	Accounts Receivable	182	41.5	76111	
SPL	INVOICE	12/08/2020	DC	Sales Income	182	-41.5	76111	0.91	45.6	
ENDTRNS	
TRNS	INVOICE	12/08/2020	Truck: Cat vet	Accounts Receivable	128	0	76112	
SPL	INVOICE	12/08/2020	AP 2	Sales Income	128	0.0	76112	0.07	0.0	
ENDTRNS	
TRNS	INVOICE	12/08/2020	Truck: 1582	Accounts Receivable	182	0	76113	
SPL	INVOICE	12/08/2020	H2	Sales Income	182	0.0	76113	0.08	0.0	
ENDTRNS	
TRNS	INVOICE	12/08/2020	Truck: adkins	Accounts Receivable	102	23.26	76114	
SPL	INVOICE	12/08/2020	DC	Sales Income	102	-23.26	76114	0.51	45.61	
ENDTRNS	
TRNS	INVOICE	12/08/2020	Truck: 1706comp	Accounts Receivable	240	104.42	76115	
SPL	INVOICE	12/08/2020	H1	Sales Income	240	-104.42	76115	2.29	45.6	
ENDTRNS	
TRNS	INVOICE	12/08/2020	Truck: 1891	Accounts Receivable	173	0	76116	
SPL	INVOICE	12/08/2020	H-3	Sales Income	173	0.0	76116	22.99	0.0	
ENDTRNS	
TRNS	INVOICE	12/08/2020	Truck: 154	Accounts Receivable	154	0	76117	
SPL	INVOICE	12/08/2020	H-2	Sales Income	154	0.0	76117	0.1	0.0	
ENDTRNS	
TRNS	INVOICE	12/08/2020	Truck: 1542	Accounts Receivable	154	8.66	76118	
SPL	INVOICE	12/08/2020	AP 1	Sales Income	154	-8.66	76118	0.19	45.58	
ENDTRNS	
TRNS	INVOICE	12/08/2020	Truck: 182	Accounts Receivable	182	6.84	76119	
SPL	INVOICE	12/08/2020	DC	Sales Income	182	-6.84	76119	0.15	45.6	
ENDTRNS	
TRNS	INVOICE	12/08/2020	Truck: 1904	Accounts Receivable	162	0	76120	
SPL	INVOICE	12/08/2020	H-2	Sales Income	162	0.0	76120	7.84	0.0	
ENDTRNS	
TRNS	INVOICE	12/08/2020	Truck: 154	Accounts Receivable	154	0	76121	
SPL	INVOICE	12/08/2020	H-2	Sales Income	154	0.0	76121	0.03	0.0	
ENDTRNS	
TRNS	INVOICE	12/08/2020	Truck: 154red	Accounts Receivable	154	0	76122	
SPL	INVOICE	12/08/2020	H2	Sales Income	154	0.0	76122	0.2	0.0	
ENDTRNS	
TRNS	INVOICE	12/08/2020	Truck: 1906	Accounts Receivable	162	0	76141	
SPL	INVOICE	12/08/2020	H-2	Sales Income	162	0.0	76141	9.19	0.0	
ENDTRNS	
TRNS	INVOICE	12/08/2020	Truck: 456	Accounts Receivable	456	6.84	76142	
SPL	INVOICE	12/08/2020	H1	Sales Income	456	-6.84	76142	0.15	45.6	
ENDTRNS	
TRNS	INVOICE	12/08/2020	Truck: 167	Accounts Receivable	154	0	76143	
SPL	INVOICE	12/08/2020	I-2	Sales Income	154	0.0	76143	4.87	0.0	
ENDTRNS	
TRNS	INVOICE	12/08/2020	Truck: 1542	Accounts Receivable	154	0	76144	
SPL	INVOICE	12/08/2020	H2	Sales Income	154	0.0	76144	0.85	0.0	
ENDTRNS	
TRNS	INVOICE	12/08/2020	Truck: 154	Accounts Receivable	154	0	76145	
SPL	INVOICE	12/08/2020	H-2	Sales Income	154	0.0	76145	0.08	0.0	
ENDTRNS	
TRNS	INVOICE	12/08/2020	Truck: jeep	Accounts Receivable	154	0	76146	
SPL	INVOICE	12/08/2020	H2	Sales Income	154	0.0	76146	0.07	0.0	
ENDTRNS	
TRNS	INVOICE	12/08/2020	Truck: 154	Accounts Receivable	154	0	76147	
SPL	INVOICE	12/08/2020	H-2	Sales Income	154	0.0	76147	0.06	0.0	
ENDTRNS	
TRNS	INVOICE	12/08/2020	Truck: 1542	Accounts Receivable	154	0	76148	
SPL	INVOICE	12/08/2020	H2	Sales Income	154	0.0	76148	0.28	0.0	
ENDTRNS	
TRNS	INVOICE	12/09/2020	Truck: 1891	Accounts Receivable	173	0	76149	
SPL	INVOICE	12/09/2020	H-3	Sales Income	173	0.0	76149	29.58	0.0	
ENDTRNS	
TRNS	INVOICE	12/09/2020	Truck: 1706comp	Accounts Receivable	240	120.38	76150	
SPL	INVOICE	12/09/2020	H1	Sales Income	240	-120.38	76150	2.64	45.6	
ENDTRNS	
TRNS	INVOICE	12/09/2020	Truck: 154	Accounts Receivable	154	0	76151	
SPL	INVOICE	12/09/2020	H-2	Sales Income	154	0.0	76151	0.06	0.0	
ENDTRNS	
TRNS	INVOICE	12/09/2020	Truck: 154	Accounts Receivable	154	0	76152	
SPL	INVOICE	12/09/2020	H-2	Sales Income	154	0.0	76152	0.27	0.0	
ENDTRNS	
TRNS	INVOICE	12/09/2020	Truck: 182	Accounts Receivable	182	10.49	76153	
SPL	INVOICE	12/09/2020	DC	Sales Income	182	-10.49	76153	0.23	45.61	
ENDTRNS	
TRNS	INVOICE	12/09/2020	Truck: 182	Accounts Receivable	182	39.67	76154	
SPL	INVOICE	12/09/2020	DC	Sales Income	182	-39.67	76154	0.87	45.6	
ENDTRNS	
TRNS	INVOICE	12/09/2020	Truck: dewey	Accounts Receivable	182	14.59	76155	
SPL	INVOICE	12/09/2020	DC	Sales Income	182	-14.59	76155	0.32	45.59	
ENDTRNS	
TRNS	INVOICE	12/09/2020	Truck: 154	Accounts Receivable	154	0	76156	
SPL	INVOICE	12/09/2020	H-2	Sales Income	154	0.0	76156	0.19	0.0	
ENDTRNS	
TRNS	INVOICE	12/09/2020	Truck: 182ram	Accounts Receivable	182	0	76157	
SPL	INVOICE	12/09/2020	H2	Sales Income	182	0.0	76157	0.07	0.0	
ENDTRNS	
TRNS	INVOICE	12/09/2020	Truck: CoH2	Accounts Receivable	154	0	76158	
SPL	INVOICE	12/09/2020	I-2	Sales Income	154	0.0	76158	0.49	0.0	
ENDTRNS	
TRNS	INVOICE	12/11/2020	Truck: 182gary	Accounts Receivable	154	0	76260	
SPL	INVOICE	12/11/2020	H2	Sales Income	154	0.0	76260	0.43	0.0	
ENDTRNS	
TRNS	INVOICE	12/11/2020	Truck: 1547	Accounts Receivable	154	0	76261	
SPL	INVOICE	12/11/2020	H2	Sales Income	154	0.0	76261	0.02	0.0	
ENDTRNS	
TRNS	INVOICE	12/11/2020	Truck: 985	Accounts Receivable	154	0	76262	
SPL	INVOICE	12/11/2020	H2	Sales Income	154	0.0	76262	0.54	0.0	
ENDTRNS	
TRNS	INVOICE	12/11/2020	Truck: 1891	Accounts Receivable	173	0	76263	
SPL	INVOICE	12/11/2020	H-3	Sales Income	173	0.0	76263	19.62	0.0	
ENDTRNS	
TRNS	INVOICE	12/11/2020	Truck: 1904	Accounts Receivable	162	0	76264	
SPL	INVOICE	12/11/2020	H-2	Sales Income	162	0.0	76264	7.79	0.0	
ENDTRNS	
TRNS	INVOICE	12/11/2020	Truck: 154redcoun	Accounts Receivable	154	0	76265	
SPL	INVOICE	12/11/2020	H2	Sales Income	154	0.0	76265	0.16	0.0	
ENDTRNS	
TRNS	INVOICE	12/11/2020	Truck: 71154	Accounts Receivable	154	0	76266	
SPL	INVOICE	12/11/2020	H2	Sales Income	154	0.0	76266	0.15	0.0	
ENDTRNS	
TRNS	INVOICE	12/11/2020	Truck: 154wave	Accounts Receivable	154	0	76267	
SPL	INVOICE	12/11/2020	H2	Sales Income	154	0.0	76267	0.15	0.0	
ENDTRNS	
TRNS	INVOICE	12/11/2020	Truck: 1822	Accounts Receivable	182	20.52	76268	
SPL	INVOICE	12/11/2020	DC	Sales Income	182	-20.52	76268	0.45	45.6	
ENDTRNS	
TRNS	INVOICE	12/11/2020	Truck: 1907	Accounts Receivable	162	0	76269	
SPL	INVOICE	12/11/2020	H-2	Sales Income	162	0.0	76269	8.75	0.0	
ENDTRNS	
TRNS	INVOICE	12/11/2020	Truck: 20767	Accounts Receivable	154	0	76270	
SPL	INVOICE	12/11/2020	H2	Sales Income	154	0.0	76270	0.13	0.0	
ENDTRNS	
TRNS	INVOICE	12/11/2020	Truck: 154burg	Accounts Receivable	154	0	76271	
SPL	INVOICE	12/11/2020	H2	Sales Income	154	0.0	76271	0.33	0.0	
ENDTRNS	
TRNS	INVOICE	12/11/2020	Truck: 1903	Accounts Receivable	162	0	76272	
SPL	INVOICE	12/11/2020	H-2	Sales Income	162	0.0	76272	7.24	0.0	
ENDTRNS	
TRNS	INVOICE	12/11/2020	Truck: 154redd	Accounts Receivable	154	0	76273	
SPL	INVOICE	12/11/2020	I-2	Sales Income	154	0.0	76273	0.05	0.0	
ENDTRNS	
TRNS	INVOICE	12/11/2020	Truck: Renee 2	Accounts Receivable	194	13.68	76274	
SPL	INVOICE	12/11/2020	H1	Sales Income	194	-13.68	76274	0.3	45.6	
ENDTRNS	
TRNS	INVOICE	12/11/2020	Truck: 154couch	Accounts Receivable	154	0	76275	
SPL	INVOICE	12/11/2020	H2	Sales Income	154	0.0	76275	0.1	0.0	
ENDTRNS	
TRNS	INVOICE	12/11/2020	Truck: 1902	Accounts Receivable	162	0	76276	
SPL	INVOICE	12/11/2020	H-2	Sales Income	162	0.0	76276	8.25	0.0	
ENDTRNS	
TRNS	INVOICE	12/11/2020	Truck: 154whit	Accounts Receivable	154	0	76277	
SPL	INVOICE	12/11/2020	H2	Sales Income	154	0.0	76277	0.86	0.0	
ENDTRNS	
TRNS	INVOICE	12/07/2020	Truck: 1910-C	Accounts Receivable	162	0	76073	
SPL	INVOICE	12/07/2020	H-2	Sales Income	162	0.0	76073	5.58	0.0	
ENDTRNS	
TRNS	INVOICE	12/07/2020	Truck: 154wtoy	Accounts Receivable	154	0	76074	
SPL	INVOICE	12/07/2020	H2	Sales Income	154	0.0	76074	0.1	0.0	
ENDTRNS	
TRNS	INVOICE	12/07/2020	Truck: 154	Accounts Receivable	154	0	76075	
SPL	INVOICE	12/07/2020	H-2	Sales Income	154	0.0	76075	0.02	0.0	
ENDTRNS	
TRNS	INVOICE	12/07/2020	Truck: 154	Accounts Receivable	154	0	76076	
SPL	INVOICE	12/07/2020	H-2	Sales Income	154	0.0	76076	0.06	0.0	
ENDTRNS	
TRNS	INVOICE	12/07/2020	Truck: 154	Accounts Receivable	154	0	76077	
SPL	INVOICE	12/07/2020	H-2	Sales Income	154	0.0	76077	0.43	0.0	
ENDTRNS	
TRNS	INVOICE	12/07/2020	Truck: 1 2 3	Accounts Receivable	154	0	76078	
SPL	INVOICE	12/07/2020	H-2	Sales Income	154	0.0	76078	2.14	0.0	
ENDTRNS	
TRNS	INVOICE	12/07/2020	Truck: 1910-O	Accounts Receivable	162	0	76079	
SPL	INVOICE	12/07/2020	H-2	Sales Income	162	0.0	76079	1.71	0.0	
ENDTRNS	
TRNS	INVOICE	12/07/2020	Truck: 154	Accounts Receivable	154	0	76080	
SPL	INVOICE	12/07/2020	H-2	Sales Income	154	0.0	76080	0.08	0.0	
ENDTRNS	
TRNS	INVOICE	12/07/2020	Truck: 154	Accounts Receivable	154	0	76081	
SPL	INVOICE	12/07/2020	H-2	Sales Income	154	0.0	76081	0.03	0.0	
ENDTRNS	
TRNS	INVOICE	12/07/2020	Truck: 154gmc	Accounts Receivable	154	0	76082	
SPL	INVOICE	12/07/2020	H2	Sales Income	154	0.0	76082	0.05	0.0	
ENDTRNS	
TRNS	INVOICE	12/09/2020	Truck: 1706comp	Accounts Receivable	240	412.22	76159	
SPL	INVOICE	12/09/2020	H1	Sales Income	240	-412.22	76159	9.04	45.6	
ENDTRNS	
TRNS	INVOICE	12/09/2020	Truck: bill	Accounts Receivable	154	0	76160	
SPL	INVOICE	12/09/2020	H2	Sales Income	154	0.0	76160	1.08	0.0	
ENDTRNS	
TRNS	INVOICE	12/09/2020	Truck: 1891	Accounts Receivable	173	0	76161	
SPL	INVOICE	12/09/2020	H-3	Sales Income	173	0.0	76161	27.09	0.0	
ENDTRNS	
TRNS	INVOICE	12/09/2020	Truck: 1904	Accounts Receivable	162	0	76162	
SPL	INVOICE	12/09/2020	H-2	Sales Income	162	0.0	76162	8.1	0.0	
ENDTRNS	
TRNS	INVOICE	12/09/2020	Truck: 154	Accounts Receivable	154	0	76163	
SPL	INVOICE	12/09/2020	H-2	Sales Income	154	0.0	76163	0.03	0.0	
ENDTRNS	
TRNS	INVOICE	12/09/2020	Truck: 154	Accounts Receivable	154	0	76164	
SPL	INVOICE	12/09/2020	H-2	Sales Income	154	0.0	76164	0.16	0.0	
ENDTRNS	
TRNS	INVOICE	12/09/2020	Truck: 1542	Accounts Receivable	154	0	76165	
SPL	INVOICE	12/09/2020	H2	Sales Income	154	0.0	76165	0.12	0.0	
ENDTRNS	
TRNS	INVOICE	12/09/2020	Truck: 154	Accounts Receivable	154	0	76166	
SPL	INVOICE	12/09/2020	I-2	Sales Income	154	0.0	76166	0.05	0.0	
ENDTRNS	
TRNS	INVOICE	12/12/2020	Truck: Ramgrey	Accounts Receivable	154	0	76312	
SPL	INVOICE	12/12/2020	I-2	Sales Income	154	0.0	76312	0.4	0.0	
ENDTRNS	
TRNS	INVOICE	12/12/2020	Truck: 154bkl	Accounts Receivable	154	0	76313	
SPL	INVOICE	12/12/2020	H2	Sales Income	154	0.0	76313	0.76	0.0	
ENDTRNS	
TRNS	INVOICE	12/12/2020	Truck: 1822	Accounts Receivable	182	44.69	76314	
SPL	INVOICE	12/12/2020	DC	Sales Income	182	-44.69	76314	0.98	45.6	
ENDTRNS	
TRNS	INVOICE	12/12/2020	Truck: 154boy	Accounts Receivable	154	0	76315	
SPL	INVOICE	12/12/2020	H2	Sales Income	154	0.0	76315	0.13	0.0	
ENDTRNS	
TRNS	INVOICE	12/12/2020	Truck: 154sport	Accounts Receivable	154	0	76316	
SPL	INVOICE	12/12/2020	H2	Sales Income	154	0.0	76316	0.15	0.0	
ENDTRNS	
TRNS	INVOICE	12/12/2020	Truck: Ramblk	Accounts Receivable	154	0	76317	
SPL	INVOICE	12/12/2020	H2	Sales Income	154	0.0	76317	0.23	0.0	
ENDTRNS	
TRNS	INVOICE	12/12/2020	Truck: uhaul	Accounts Receivable	154	0	76318	
SPL	INVOICE	12/12/2020	H2	Sales Income	154	0.0	76318	0.58	0.0	
ENDTRNS	
TRNS	INVOICE	12/12/2020	Truck: toy	Accounts Receivable	154	0	76319	
SPL	INVOICE	12/12/2020	H2	Sales Income	154	0.0	76319	0.02	0.0	
ENDTRNS	
TRNS	INVOICE	12/12/2020	Truck: 7488154	Accounts Receivable	154	0	76320	
SPL	INVOICE	12/12/2020	H2	Sales Income	154	0.0	76320	0.09	0.0	
ENDTRNS	
TRNS	INVOICE	12/12/2020	Truck: armour	Accounts Receivable	154	0	76321	
SPL	INVOICE	12/12/2020	H2	Sales Income	154	0.0	76321	0.12	0.0	
ENDTRNS	
TRNS	INVOICE	12/12/2020	Truck: gmc	Accounts Receivable	154	0	76322	
SPL	INVOICE	12/12/2020	H2	Sales Income	154	0.0	76322	0.33	0.0	
ENDTRNS	
TRNS	INVOICE	12/12/2020	Truck: 154	Accounts Receivable	154	0	76323	
SPL	INVOICE	12/12/2020	H-2	Sales Income	154	0.0	76323	0.01	0.0	
ENDTRNS	
TRNS	INVOICE	12/12/2020	Truck: 154bay	Accounts Receivable	154	0	76324	
SPL	INVOICE	12/12/2020	I-2	Sales Income	154	0.0	76324	1	0.0	
ENDTRNS	
TRNS	INVOICE	12/12/2020	Truck: 182rust	Accounts Receivable	154	6.84	76325	
SPL	INVOICE	12/12/2020	DC	Sales Income	154	-6.84	76325	0.15	45.6	
ENDTRNS	
TRNS	INVOICE	12/12/2020	Truck: 154red	Accounts Receivable	154	0	76326	
SPL	INVOICE	12/12/2020	H2	Sales Income	154	0.0	76326	0.04	0.0	
ENDTRNS	
TRNS	INVOICE	12/12/2020	Truck: 11144154	Accounts Receivable	154	0	76327	
SPL	INVOICE	12/12/2020	H2	Sales Income	154	0.0	76327	0.46	0.0	
ENDTRNS	
TRNS	INVOICE	12/12/2020	Truck: Car;is	Accounts Receivable	120	6.84	76328	
SPL	INVOICE	12/12/2020	DC	Sales Income	120	-6.84	76328	0.15	45.6	
ENDTRNS	
TRNS	INVOICE	12/12/2020	Truck: 154serrra	Accounts Receivable	154	0	76329	
SPL	INVOICE	12/12/2020	H2	Sales Income	154	0.0	76329	0.3	0.0	
ENDTRNS	
TRNS	INVOICE	12/12/2020	Truck: Car	Accounts Receivable	154	0	76330	
SPL	INVOICE	12/12/2020	H2	Sales Income	154	0.0	76330	0.07	0.0	
ENDTRNS	
TRNS	INVOICE	12/09/2020	Truck: 154dr	Accounts Receivable	154	0	76167	
SPL	INVOICE	12/09/2020	H2	Sales Income	154	0.0	76167	0.05	0.0	
ENDTRNS	
TRNS	INVOICE	12/09/2020	Truck: 1902	Accounts Receivable	162	0	76168	
SPL	INVOICE	12/09/2020	H-2	Sales Income	162	0.0	76168	4.99	0.0	
ENDTRNS	
TRNS	INVOICE	12/09/2020	Truck: 1905	Accounts Receivable	162	0	76169	
SPL	INVOICE	12/09/2020	H-2	Sales Income	162	0.0	76169	5.98	0.0	
ENDTRNS	
TRNS	INVOICE	12/09/2020	Truck: 154red	Accounts Receivable	102	0	76170	
SPL	INVOICE	12/09/2020	H2	Sales Income	102	0.0	76170	0.06	0.0	
ENDTRNS	
TRNS	INVOICE	12/09/2020	Truck: 1547	Accounts Receivable	154	0	76171	
SPL	INVOICE	12/09/2020	I-2	Sales Income	154	0.0	76171	0.74	0.0	
ENDTRNS	
TRNS	INVOICE	12/09/2020	Truck: 154	Accounts Receivable	154	0	76172	
SPL	INVOICE	12/09/2020	H-2	Sales Income	154	0.0	76172	6.36	0.0	
ENDTRNS	
TRNS	INVOICE	12/09/2020	Truck: 1907	Accounts Receivable	162	0	76173	
SPL	INVOICE	12/09/2020	H-2	Sales Income	162	0.0	76173	9.56	0.0	
ENDTRNS	
TRNS	INVOICE	12/09/2020	Truck: 1904	Accounts Receivable	162	0	76174	
SPL	INVOICE	12/09/2020	H-2	Sales Income	162	0.0	76174	3.12	0.0	
ENDTRNS	
TRNS	INVOICE	12/09/2020	Truck: 1549	Accounts Receivable	154	0	76175	
SPL	INVOICE	12/09/2020	H2	Sales Income	154	0.0	76175	0.14	0.0	
ENDTRNS	
TRNS	INVOICE	12/09/2020	Truck: 154silver	Accounts Receivable	154	0	76176	
SPL	INVOICE	12/09/2020	H2	Sales Income	154	0.0	76176	0.4	0.0	
ENDTRNS	
TRNS	INVOICE	12/09/2020	Truck: 1903	Accounts Receivable	162	0	76177	
SPL	INVOICE	12/09/2020	H-2	Sales Income	162	0.0	76177	9.01	0.0	
ENDTRNS	
TRNS	INVOICE	12/09/2020	Truck: 154red	Accounts Receivable	154	0	76178	
SPL	INVOICE	12/09/2020	H2	Sales Income	154	0.0	76178	0.37	0.0	
ENDTRNS	
TRNS	INVOICE	12/09/2020	Truck: Carslie	Accounts Receivable	120	39.22	76179	
SPL	INVOICE	12/09/2020	DC	Sales Income	120	-39.22	76179	0.86	45.6	
ENDTRNS	
TRNS	INVOICE	12/09/2020	Truck: 1905	Accounts Receivable	162	0	76180	
SPL	INVOICE	12/09/2020	H-2	Sales Income	162	0.0	76180	14.95	0.0	
ENDTRNS	
TRNS	INVOICE	12/09/2020	Truck: 238	Accounts Receivable	238	23.71	76181	
SPL	INVOICE	12/09/2020	DC	Sales Income	238	-23.71	76181	0.52	45.6	
ENDTRNS	
TRNS	INVOICE	12/09/2020	Truck: 182	Accounts Receivable	182	43.32	76182	
SPL	INVOICE	12/09/2020	DC	Sales Income	182	-43.32	76182	0.95	45.6	
ENDTRNS	
TRNS	INVOICE	12/10/2020	Truck: 154	Accounts Receivable	154	0	76201	
SPL	INVOICE	12/10/2020	I-2	Sales Income	154	0.0	76201	1.88	0.0	
ENDTRNS	
TRNS	INVOICE	12/10/2020	Truck: 182wf250	Accounts Receivable	182	23.71	76202	
SPL	INVOICE	12/10/2020	DC	Sales Income	182	-23.71	76202	0.52	45.6	
ENDTRNS	
TRNS	INVOICE	12/12/2020	Truck: 182	Accounts Receivable	182	19.61	76348	
SPL	INVOICE	12/12/2020	DC	Sales Income	182	-19.61	76348	0.43	45.6	
ENDTRNS	
TRNS	INVOICE	12/14/2020	Truck: 1706comp	Accounts Receivable	240	204.74	76349	
SPL	INVOICE	12/14/2020	H1	Sales Income	240	-204.74	76349	4.49	45.6	
ENDTRNS	
TRNS	INVOICE	12/14/2020	Truck: 154	Accounts Receivable	154	0	76350	
SPL	INVOICE	12/14/2020	H-2	Sales Income	154	0.0	76350	0.53	0.0	
ENDTRNS	
TRNS	INVOICE	12/14/2020	Truck: 238	Accounts Receivable	238	25.99	76351	
SPL	INVOICE	12/14/2020	DC	Sales Income	238	-25.99	76351	0.57	45.6	
ENDTRNS	
TRNS	INVOICE	12/14/2020	Truck: 1910-I	Accounts Receivable	162	0	76352	
SPL	INVOICE	12/14/2020	H2	Sales Income	162	0.0	76352	0.98	0.0	
ENDTRNS	
TRNS	INVOICE	12/14/2020	Truck: 1910-C	Accounts Receivable	162	0	76353	
SPL	INVOICE	12/14/2020	H-2	Sales Income	162	0.0	76353	1.33	0.0	
ENDTRNS	
TRNS	INVOICE	12/14/2020	Truck: 182	Accounts Receivable	182	69.77	76354	
SPL	INVOICE	12/14/2020	DC	Sales Income	182	-69.77	76354	1.53	45.6	
ENDTRNS	
TRNS	INVOICE	12/14/2020	Truck: 1910-C	Accounts Receivable	162	0	76355	
SPL	INVOICE	12/14/2020	H-2	Sales Income	162	0.0	76355	6.14	0.0	
ENDTRNS	
TRNS	INVOICE	12/14/2020	Truck: 1904	Accounts Receivable	162	0	76356	
SPL	INVOICE	12/14/2020	H-2	Sales Income	162	0.0	76356	4.61	0.0	
ENDTRNS	
TRNS	INVOICE	12/14/2020	Truck: 182	Accounts Receivable	182	14.59	76357	
SPL	INVOICE	12/14/2020	DC	Sales Income	182	-14.59	76357	0.32	45.59	
ENDTRNS	
TRNS	INVOICE	12/14/2020	Truck: 154sil	Accounts Receivable	154	0	76358	
SPL	INVOICE	12/14/2020	H2	Sales Income	154	0.0	76358	0.16	0.0	
ENDTRNS	
TRNS	INVOICE	12/14/2020	Truck: CoH2	Accounts Receivable	154	0	76359	
SPL	INVOICE	12/14/2020	H-2	Sales Income	154	0.0	76359	4.11	0.0	
ENDTRNS	
TRNS	INVOICE	12/14/2020	Truck: 182jimmy	Accounts Receivable	182	53.81	76360	
SPL	INVOICE	12/14/2020	DC	Sales Income	182	-53.81	76360	1.18	45.6	
ENDTRNS	
TRNS	INVOICE	12/14/2020	Truck: 1910-O	Accounts Receivable	162	0	76361	
SPL	INVOICE	12/14/2020	H-2	Sales Income	162	0.0	76361	1.26	0.0	
ENDTRNS	
TRNS	INVOICE	12/14/2020	Truck: 182	Accounts Receivable	239	36.94	76362	
SPL	INVOICE	12/14/2020	DC	Sales Income	239	-36.94	76362	0.81	45.6	
ENDTRNS	
TRNS	INVOICE	12/14/2020	Truck: 154	Accounts Receivable	236	0	76363	
SPL	INVOICE	12/14/2020	H-2	Sales Income	236	0.0	76363	1.02	0.0	
ENDTRNS	
TRNS	INVOICE	12/14/2020	Truck: 154toy	Accounts Receivable	154	0	76364	
SPL	INVOICE	12/14/2020	H2	Sales Income	154	0.0	76364	0.06	0.0	
ENDTRNS	
TRNS	INVOICE	12/14/2020	Truck: 154b	Accounts Receivable	154	0	76365	
SPL	INVOICE	12/14/2020	H2	Sales Income	154	0.0	76365	0.18	0.0	
ENDTRNS	
TRNS	INVOICE	12/14/2020	Truck: 1 2 3	Accounts Receivable	154	0	76368	
SPL	INVOICE	12/14/2020	H-2	Sales Income	154	0.0	76368	2.09	0.0	
ENDTRNS	
TRNS	INVOICE	12/14/2020	Truck: 154	Accounts Receivable	236	0	76369	
SPL	INVOICE	12/14/2020	H2	Sales Income	236	0.0	76369	2.65	0.0	
ENDTRNS	
TRNS	INVOICE	12/14/2020	Truck: 182	Accounts Receivable	182	13.68	76370	
SPL	INVOICE	12/14/2020	DC	Sales Income	182	-13.68	76370	0.3	45.6	
ENDTRNS	
TRNS	INVOICE	12/14/2020	Truck: 182ram	Accounts Receivable	182	4.56	76371	
SPL	INVOICE	12/14/2020	DC	Sales Income	182	-4.56	76371	0.1	45.6	
ENDTRNS	
TRNS	INVOICE	12/14/2020	Truck: 1904	Accounts Receivable	162	0	76372	
SPL	INVOICE	12/14/2020	H-2	Sales Income	162	0.0	76372	5.22	0.0	
ENDTRNS	
TRNS	INVOICE	12/14/2020	Truck: CoH2	Accounts Receivable	154	0	76373	
SPL	INVOICE	12/14/2020	I-2	Sales Income	154	0.0	76373	0.24	0.0	
ENDTRNS	
TRNS	INVOICE	12/14/2020	Truck: Renee 2	Accounts Receivable	194	19.15	76374	
SPL	INVOICE	12/14/2020	H1	Sales Income	194	-19.15	76374	0.42	45.6	
ENDTRNS	
TRNS	INVOICE	12/14/2020	Truck: 182sieera	Accounts Receivable	182	12.77	76375	
SPL	INVOICE	12/14/2020	DC	Sales Income	182	-12.77	76375	0.28	45.61	
ENDTRNS	
TRNS	INVOICE	12/14/2020	Truck: 1910-O	Accounts Receivable	162	0	76376	
SPL	INVOICE	12/14/2020	H-2	Sales Income	162	0.0	76376	1.87	0.0	
ENDTRNS	
TRNS	INVOICE	12/14/2020	Truck: 1902	Accounts Receivable	162	0	76377	
SPL	INVOICE	12/14/2020	H-2	Sales Income	162	0.0	76377	10.31	0.0	
ENDTRNS	
TRNS	INVOICE	12/14/2020	Truck: 154ford	Accounts Receivable	154	0	76378	
SPL	INVOICE	12/14/2020	H2	Sales Income	154	0.0	76378	0.11	0.0	
ENDTRNS	
TRNS	INVOICE	12/14/2020	Truck: 1906	Accounts Receivable	162	0	76379	
SPL	INVOICE	12/14/2020	H-2	Sales Income	162	0.0	76379	7.78	0.0	
ENDTRNS	
TRNS	INVOICE	12/14/2020	Truck: 1907	Accounts Receivable	162	0	76380	
SPL	INVOICE	12/14/2020	H-2	Sales Income	162	0.0	76380	10.08	0.0	
ENDTRNS	
TRNS	INVOICE	12/14/2020	Truck: 1903	Accounts Receivable	162	0	76381	
SPL	INVOICE	12/14/2020	H-2	Sales Income	162	0.0	76381	6.88	0.0	
ENDTRNS	
TRNS	INVOICE	12/14/2020	Truck: 1891	Accounts Receivable	173	0	76382	
SPL	INVOICE	12/14/2020	H-3	Sales Income	173	0.0	76382	25.26	0.0	
ENDTRNS	
TRNS	INVOICE	12/14/2020	Truck: 182	Accounts Receivable	182	8.21	76383	
SPL	INVOICE	12/14/2020	DC	Sales Income	182	-8.21	76383	0.18	45.61	
ENDTRNS	
TRNS	INVOICE	12/14/2020	Truck: 154	Accounts Receivable	154	0	76384	
SPL	INVOICE	12/14/2020	H-2	Sales Income	154	0.0	76384	0.71	0.0	
ENDTRNS	
TRNS	INVOICE	12/14/2020	Truck: 154bubba	Accounts Receivable	154	0	76385	
SPL	INVOICE	12/14/2020	H2	Sales Income	154	0.0	76385	5.9	0.0	
ENDTRNS	
TRNS	INVOICE	12/14/2020	Truck: 182ford	Accounts Receivable	182	27.36	76386	
SPL	INVOICE	12/14/2020	DC	Sales Income	182	-27.36	76386	0.6	45.6	
ENDTRNS	
TRNS	INVOICE	12/15/2020	Truck: 1706comp	Accounts Receivable	240	117.65	76387	
SPL	INVOICE	12/15/2020	H1	Sales Income	240	-117.65	76387	2.58	45.6	
ENDTRNS	
TRNS	INVOICE	12/15/2020	Truck: 238	Accounts Receivable	238	10.94	76388	
SPL	INVOICE	12/15/2020	DC	Sales Income	238	-10.94	76388	0.24	45.58	
ENDTRNS	
TRNS	INVOICE	12/15/2020	Truck: 154	Accounts Receivable	154	0	76389	
SPL	INVOICE	12/15/2020	I-2	Sales Income	154	0.0	76389	0.06	0.0	
ENDTRNS	
TRNS	INVOICE	12/15/2020	Truck: 1891	Accounts Receivable	173	0	76390	
SPL	INVOICE	12/15/2020	H-3	Sales Income	173	0.0	76390	27.23	0.0	
ENDTRNS	
TRNS	INVOICE	12/15/2020	Truck: davis	Accounts Receivable	182	91.66	76391	
SPL	INVOICE	12/15/2020	DC	Sales Income	182	-91.66	76391	2.01	45.6	
ENDTRNS	
TRNS	INVOICE	12/15/2020	Truck: 182	Accounts Receivable	182	13.22	76392	
SPL	INVOICE	12/15/2020	DC	Sales Income	182	-13.22	76392	0.29	45.59	
ENDTRNS	
TRNS	INVOICE	12/15/2020	Truck: 1822	Accounts Receivable	182	12.31	76393	
SPL	INVOICE	12/15/2020	DC	Sales Income	182	-12.31	76393	0.27	45.59	
ENDTRNS	
TRNS	INVOICE	12/15/2020	Truck: 182	Accounts Receivable	182	44.69	76394	
SPL	INVOICE	12/15/2020	DC	Sales Income	182	-44.69	76394	0.98	45.6	
ENDTRNS	
TRNS	INVOICE	12/15/2020	Truck: 154	Accounts Receivable	154	0	76395	
SPL	INVOICE	12/15/2020	I-2	Sales Income	154	0.0	76395	0.3	0.0	
ENDTRNS	
TRNS	INVOICE	12/15/2020	Truck: CoH2	Accounts Receivable	154	0	76396	
SPL	INVOICE	12/15/2020	I-2	Sales Income	154	0.0	76396	2.45	0.0	
ENDTRNS	
TRNS	INVOICE	12/15/2020	Truck: 154	Accounts Receivable	154	0	76397	
SPL	INVOICE	12/15/2020	I-2	Sales Income	154	0.0	76397	0.05	0.0	
ENDTRNS	
TRNS	INVOICE	12/15/2020	Truck: 1904	Accounts Receivable	162	0	76398	
SPL	INVOICE	12/15/2020	H-2	Sales Income	162	0.0	76398	7.92	0.0	
ENDTRNS	
TRNS	INVOICE	12/15/2020	Truck: 154	Accounts Receivable	154	0	76399	
SPL	INVOICE	12/15/2020	H-2	Sales Income	154	0.0	76399	0.19	0.0	
ENDTRNS	
TRNS	INVOICE	12/15/2020	Truck: 1891	Accounts Receivable	173	0	76400	
SPL	INVOICE	12/15/2020	H-3	Sales Income	173	0.0	76400	28.5	0.0	
ENDTRNS	
TRNS	INVOICE	12/15/2020	Truck: 154	Accounts Receivable	154	0	76401	
SPL	INVOICE	12/15/2020	I-2	Sales Income	154	0.0	76401	0.79	0.0	
ENDTRNS	
TRNS	INVOICE	12/15/2020	Truck: 182182	Accounts Receivable	182	66.58	76402	
SPL	INVOICE	12/15/2020	DC	Sales Income	182	-66.58	76402	1.46	45.6	
ENDTRNS	
TRNS	INVOICE	12/15/2020	Truck: 1543	Accounts Receivable	154	0	76403	
SPL	INVOICE	12/15/2020	H2	Sales Income	154	0.0	76403	0.21	0.0	
ENDTRNS	
TRNS	INVOICE	12/15/2020	Truck: 1907	Accounts Receivable	162	0	76419	
SPL	INVOICE	12/15/2020	H-2	Sales Income	162	0.0	76419	10.16	0.0	
ENDTRNS	
TRNS	INVOICE	12/15/2020	Truck: 154	Accounts Receivable	154	0	76420	
SPL	INVOICE	12/15/2020	H-2	Sales Income	154	0.0	76420	0.13	0.0	
ENDTRNS	
TRNS	INVOICE	12/15/2020	Truck: 154	Accounts Receivable	154	0	76421	
SPL	INVOICE	12/15/2020	H-2	Sales Income	154	0.0	76421	0.5	0.0	
ENDTRNS	
TRNS	INVOICE	12/15/2020	Truck: 180	Accounts Receivable	180	28.27	76422	
SPL	INVOICE	12/15/2020	DC	Sales Income	180	-28.27	76422	0.62	45.6	
ENDTRNS	
TRNS	INVOICE	12/15/2020	Truck: 154	Accounts Receivable	154	0	76423	
SPL	INVOICE	12/15/2020	I-2	Sales Income	154	0.0	76423	0.04	0.0	
ENDTRNS	
TRNS	INVOICE	12/15/2020	Truck: CoH2	Accounts Receivable	154	0	76424	
SPL	INVOICE	12/15/2020	I-2	Sales Income	154	0.0	76424	0.48	0.0	
ENDTRNS	
TRNS	INVOICE	12/15/2020	Truck: 154jeep	Accounts Receivable	154	0	76425	
SPL	INVOICE	12/15/2020	H2	Sales Income	154	0.0	76425	1.35	0.0	
ENDTRNS	
TRNS	INVOICE	12/15/2020	Truck: 154red	Accounts Receivable	154	0	76426	
SPL	INVOICE	12/15/2020	H2	Sales Income	154	0.0	76426	0.38	0.0	
ENDTRNS	
TRNS	INVOICE	12/15/2020	Truck: 154nay	Accounts Receivable	154	0	76427	
SPL	INVOICE	12/15/2020	H2	Sales Income	154	0.0	76427	0.33	0.0	
ENDTRNS	
TRNS	INVOICE	12/15/2020	Truck: 154gres	Accounts Receivable	154	0	76428	
SPL	INVOICE	12/15/2020	H2	Sales Income	154	0.0	76428	0.37	0.0	
ENDTRNS	
TRNS	INVOICE	12/15/2020	Truck: 1891	Accounts Receivable	173	0	76429	
SPL	INVOICE	12/15/2020	H-3	Sales Income	173	0.0	76429	28.65	0.0	
ENDTRNS	
TRNS	INVOICE	12/15/2020	Truck: 1891	Accounts Receivable	173	0	76430	
SPL	INVOICE	12/15/2020	H-3	Sales Income	173	0.0	76430	28.66	0.0	
ENDTRNS	
TRNS	INVOICE	12/15/2020	Truck: 456	Accounts Receivable	456	7.75	76431	
SPL	INVOICE	12/15/2020	H1	Sales Income	456	-7.75	76431	0.17	45.59	
ENDTRNS	
TRNS	INVOICE	12/15/2020	Truck: 154	Accounts Receivable	154	0	76432	
SPL	INVOICE	12/15/2020	I-2	Sales Income	154	0.0	76432	1.72	0.0	
ENDTRNS	
TRNS	INVOICE	12/15/2020	Truck: 182	Accounts Receivable	182	23.26	76433	
SPL	INVOICE	12/15/2020	DC	Sales Income	182	-23.26	76433	0.51	45.61	
ENDTRNS	
TRNS	INVOICE	12/15/2020	Truck: 182	Accounts Receivable	182	0	76434	
SPL	INVOICE	12/15/2020	H2	Sales Income	182	0.0	76434	1.5	0.0	
ENDTRNS	
TRNS	INVOICE	12/16/2020	Truck: 1706comp	Accounts Receivable	240	118.56	76435	
SPL	INVOICE	12/16/2020	H1	Sales Income	240	-118.56	76435	2.6	45.6	
ENDTRNS	
TRNS	INVOICE	12/16/2020	Truck: 154	Accounts Receivable	154	0	76436	
SPL	INVOICE	12/16/2020	I-2	Sales Income	154	0.0	76436	0.18	0.0	
ENDTRNS	
TRNS	INVOICE	12/10/2020	Truck: 182/1706	Accounts Receivable	240	72.96	76203	
SPL	INVOICE	12/10/2020	H1	Sales Income	240	-72.96	76203	1.6	45.6	
ENDTRNS	
TRNS	INVOICE	12/10/2020	Truck: 1891	Accounts Receivable	173	0	76205	
SPL	INVOICE	12/10/2020	H-3	Sales Income	173	0.0	76205	19.48	0.0	
ENDTRNS	
TRNS	INVOICE	12/10/2020	Truck: 154wtop	Accounts Receivable	154	0	76206	
SPL	INVOICE	12/10/2020	H2	Sales Income	154	0.0	76206	0.12	0.0	
ENDTRNS	
TRNS	INVOICE	12/10/2020	Truck: 154rediner	Accounts Receivable	154	0	76207	
SPL	INVOICE	12/10/2020	I-2	Sales Income	154	0.0	76207	0.07	0.0	
ENDTRNS	
TRNS	INVOICE	12/10/2020	Truck: 1891	Accounts Receivable	173	0	76226	
SPL	INVOICE	12/10/2020	H-3	Sales Income	173	0.0	76226	25.12	0.0	
ENDTRNS	
TRNS	INVOICE	12/10/2020	Truck: 1903	Accounts Receivable	162	0	76227	
SPL	INVOICE	12/10/2020	H-2	Sales Income	162	0.0	76227	6.9	0.0	
ENDTRNS	
TRNS	INVOICE	12/10/2020	Truck: 154bluet	Accounts Receivable	154	0	76228	
SPL	INVOICE	12/10/2020	I-2	Sales Income	154	0.0	76228	0.17	0.0	
ENDTRNS	
TRNS	INVOICE	12/10/2020	Truck: 154blk f	Accounts Receivable	154	0	76229	
SPL	INVOICE	12/10/2020	H2	Sales Income	154	0.0	76229	0.14	0.0	
ENDTRNS	
TRNS	INVOICE	12/10/2020	Truck: 182van	Accounts Receivable	182	47.88	76230	
SPL	INVOICE	12/10/2020	DC	Sales Income	182	-47.88	76230	1.05	45.6	
ENDTRNS	
TRNS	INVOICE	12/10/2020	Truck: 154lilwt	Accounts Receivable	154	0	76231	
SPL	INVOICE	12/10/2020	H2	Sales Income	154	0.0	76231	0.06	0.0	
ENDTRNS	
TRNS	INVOICE	12/10/2020	Truck: 154toywht	Accounts Receivable	154	0	76232	
SPL	INVOICE	12/10/2020	H2	Sales Income	154	0.0	76232	0.23	0.0	
ENDTRNS	
TRNS	INVOICE	12/10/2020	Truck: 154lilwt	Accounts Receivable	154	0	76233	
SPL	INVOICE	12/10/2020	H2	Sales Income	154	0.0	76233	0.15	0.0	
ENDTRNS	
TRNS	INVOICE	12/10/2020	Truck: 154graytoy	Accounts Receivable	154	0	76234	
SPL	INVOICE	12/10/2020	I-2	Sales Income	154	0.0	76234	0.29	0.0	
ENDTRNS	
TRNS	INVOICE	12/10/2020	Truck: 405-1489	Accounts Receivable	150	0	76235	
SPL	INVOICE	12/10/2020	I-2	Sales Income	150	0.0	76235	1.11	0.0	
ENDTRNS	
TRNS	INVOICE	12/10/2020	Truck: 154blk1500	Accounts Receivable	154	0	76236	
SPL	INVOICE	12/10/2020	H2	Sales Income	154	0.0	76236	0.8	0.0	
ENDTRNS	
TRNS	INVOICE	12/10/2020	Truck: 182350	Accounts Receivable	182	7.75	76237	
SPL	INVOICE	12/10/2020	DC	Sales Income	182	-7.75	76237	0.17	45.59	
ENDTRNS	
TRNS	INVOICE	12/10/2020	Truck: 154sr5	Accounts Receivable	154	0	76238	
SPL	INVOICE	12/10/2020	H2	Sales Income	154	0.0	76238	0.16	0.0	
ENDTRNS	
TRNS	INVOICE	12/10/2020	Truck: 154van	Accounts Receivable	154	0	76239	
SPL	INVOICE	12/10/2020	H2	Sales Income	154	0.0	76239	0.28	0.0	
ENDTRNS	
TRNS	INVOICE	12/16/2020	Truck: 154	Accounts Receivable	154	0	76448	
SPL	INVOICE	12/16/2020	H-2	Sales Income	154	0.0	76448	0.03	0.0	
ENDTRNS	
TRNS	INVOICE	12/16/2020	Truck: 1904	Accounts Receivable	162	0	76449	
SPL	INVOICE	12/16/2020	H-2	Sales Income	162	0.0	76449	9.52	0.0	
ENDTRNS	
TRNS	INVOICE	12/16/2020	Truck: 1902	Accounts Receivable	162	0	76450	
SPL	INVOICE	12/16/2020	H-2	Sales Income	162	0.0	76450	4.82	0.0	
ENDTRNS	
TRNS	INVOICE	12/16/2020	Truck: 154	Accounts Receivable	154	0	76451	
SPL	INVOICE	12/16/2020	H-2	Sales Income	154	0.0	76451	0.12	0.0	
ENDTRNS	
TRNS	INVOICE	12/16/2020	Truck: 1905	Accounts Receivable	162	0	76452	
SPL	INVOICE	12/16/2020	H-2	Sales Income	162	0.0	76452	6.15	0.0	
ENDTRNS	
TRNS	INVOICE	12/16/2020	Truck: 154	Accounts Receivable	154	0	76453	
SPL	INVOICE	12/16/2020	H-2	Sales Income	154	0.0	76453	0.19	0.0	
ENDTRNS	
TRNS	INVOICE	12/16/2020	Truck: 154	Accounts Receivable	154	0	76454	
SPL	INVOICE	12/16/2020	H-2	Sales Income	154	0.0	76454	0.07	0.0	
ENDTRNS	
TRNS	INVOICE	12/16/2020	Truck: 1907	Accounts Receivable	162	0	76455	
SPL	INVOICE	12/16/2020	H-2	Sales Income	162	0.0	76455	9.64	0.0	
ENDTRNS	
TRNS	INVOICE	12/16/2020	Truck: 154	Accounts Receivable	154	0	76456	
SPL	INVOICE	12/16/2020	H-2	Sales Income	154	0.0	76456	0.3	0.0	
ENDTRNS	
TRNS	INVOICE	12/16/2020	Truck: 1904	Accounts Receivable	162	0	76457	
SPL	INVOICE	12/16/2020	H-2	Sales Income	162	0.0	76457	1.97	0.0	
ENDTRNS	
TRNS	INVOICE	12/16/2020	Truck: 1903	Accounts Receivable	162	0	76458	
SPL	INVOICE	12/16/2020	H-2	Sales Income	162	0.0	76458	8.84	0.0	
ENDTRNS	
TRNS	INVOICE	12/16/2020	Truck: 1891	Accounts Receivable	173	0	76459	
SPL	INVOICE	12/16/2020	H-3	Sales Income	173	0.0	76459	28.75	0.0	
ENDTRNS	
TRNS	INVOICE	12/16/2020	Truck: 1906	Accounts Receivable	162	0	76460	
SPL	INVOICE	12/16/2020	H-2	Sales Income	162	0.0	76460	10.46	0.0	
ENDTRNS	
TRNS	INVOICE	12/16/2020	Truck: 238	Accounts Receivable	238	39.22	76461	
SPL	INVOICE	12/16/2020	DC	Sales Income	238	-39.22	76461	0.86	45.6	
ENDTRNS	
TRNS	INVOICE	12/16/2020	Truck: 182	Accounts Receivable	182	11.4	76462	
SPL	INVOICE	12/16/2020	DC	Sales Income	182	-11.4	76462	0.25	45.6	
ENDTRNS	
TRNS	INVOICE	12/16/2020	Truck: 154	Accounts Receivable	154	0	76463	
SPL	INVOICE	12/16/2020	H-2	Sales Income	154	0.0	76463	0.27	0.0	
ENDTRNS	
TRNS	INVOICE	12/17/2020	Truck: 1706comp	Accounts Receivable	240	125.4	76464	
SPL	INVOICE	12/17/2020	H1	Sales Income	240	-125.4	76464	2.75	45.6	
ENDTRNS	
TRNS	INVOICE	12/17/2020	Truck: 405-1489	Accounts Receivable	150	0	76465	
SPL	INVOICE	12/17/2020	H2	Sales Income	150	0.0	76465	0.58	0.0	
ENDTRNS	
TRNS	INVOICE	12/17/2020	Truck: 154	Accounts Receivable	154	0	76490	
SPL	INVOICE	12/17/2020	H-2	Sales Income	154	0.0	76490	0.05	0.0	
ENDTRNS	
TRNS	INVOICE	12/17/2020	Truck: 1902	Accounts Receivable	162	0	76491	
SPL	INVOICE	12/17/2020	H-2	Sales Income	162	0.0	76491	6.36	0.0	
ENDTRNS	
TRNS	INVOICE	12/17/2020	Truck: 182blu	Accounts Receivable	182	34.2	76492	
SPL	INVOICE	12/17/2020	DC	Sales Income	182	-34.2	76492	0.75	45.6	
ENDTRNS	
TRNS	INVOICE	12/17/2020	Truck: 1542500	Accounts Receivable	154	0	76493	
SPL	INVOICE	12/17/2020	H2	Sales Income	154	0.0	76493	0.11	0.0	
ENDTRNS	
TRNS	INVOICE	12/17/2020	Truck: 182tucker	Accounts Receivable	182	25.99	76494	
SPL	INVOICE	12/17/2020	DC	Sales Income	182	-25.99	76494	0.57	45.6	
ENDTRNS	
TRNS	INVOICE	12/17/2020	Truck: 154green	Accounts Receivable	154	0	76495	
SPL	INVOICE	12/17/2020	H2	Sales Income	154	0.0	76495	0.21	0.0	
ENDTRNS	
TRNS	INVOICE	12/17/2020	Truck: 1903	Accounts Receivable	162	0	76496	
SPL	INVOICE	12/17/2020	H-2	Sales Income	162	0.0	76496	6.76	0.0	
ENDTRNS	
TRNS	INVOICE	12/17/2020	Truck: 1544x4	Accounts Receivable	154	0	76497	
SPL	INVOICE	12/17/2020	H2	Sales Income	154	0.0	76497	0.14	0.0	
ENDTRNS	
TRNS	INVOICE	12/17/2020	Truck: 154vly	Accounts Receivable	154	0	76498	
SPL	INVOICE	12/17/2020	H2	Sales Income	154	0.0	76498	0.23	0.0	
ENDTRNS	
TRNS	INVOICE	12/17/2020	Truck: 154	Accounts Receivable	154	0	76499	
SPL	INVOICE	12/17/2020	H-2	Sales Income	154	0.0	76499	0.17	0.0	
ENDTRNS	
TRNS	INVOICE	12/17/2020	Truck: 1891	Accounts Receivable	173	0	76500	
SPL	INVOICE	12/17/2020	H-3	Sales Income	173	0.0	76500	26.51	0.0	
ENDTRNS	
TRNS	INVOICE	12/17/2020	Truck: 154sierra	Accounts Receivable	154	0	76501	
SPL	INVOICE	12/17/2020	I-2	Sales Income	154	0.0	76501	1.27	0.0	
ENDTRNS	
TRNS	INVOICE	12/17/2020	Truck: 182tucker	Accounts Receivable	182	79.8	76502	
SPL	INVOICE	12/17/2020	DC	Sales Income	182	-79.8	76502	1.75	45.6	
ENDTRNS	
TRNS	INVOICE	12/17/2020	Truck: 182red	Accounts Receivable	182	58.37	76503	
SPL	INVOICE	12/17/2020	DC	Sales Income	182	-58.37	76503	1.28	45.6	
ENDTRNS	
TRNS	INVOICE	12/18/2020	Truck: 1706comp	Accounts Receivable	240	147.74	76504	
SPL	INVOICE	12/18/2020	H1	Sales Income	240	-147.74	76504	3.24	45.6	
ENDTRNS	
TRNS	INVOICE	12/18/2020	Truck: 1921-O	Accounts Receivable	162	0	76505	
SPL	INVOICE	12/18/2020	H-2	Sales Income	162	0.0	76505	2.84	0.0	
ENDTRNS	
TRNS	INVOICE	12/18/2020	Truck: 238	Accounts Receivable	238	34.2	76506	
SPL	INVOICE	12/18/2020	DC	Sales Income	238	-34.2	76506	0.75	45.6	
ENDTRNS	
TRNS	INVOICE	12/18/2020	Truck: 154stx	Accounts Receivable	154	0	76507	
SPL	INVOICE	12/18/2020	H2	Sales Income	154	0.0	76507	0.13	0.0	
ENDTRNS	
TRNS	INVOICE	12/11/2020	Truck: 1706comp	Accounts Receivable	240	145.46	76240	
SPL	INVOICE	12/11/2020	H1	Sales Income	240	-145.46	76240	3.19	45.6	
ENDTRNS	
TRNS	INVOICE	12/11/2020	Truck: 1910-O	Accounts Receivable	162	0	76241	
SPL	INVOICE	12/11/2020	H-2	Sales Income	162	0.0	76241	0.48	0.0	
ENDTRNS	
TRNS	INVOICE	12/12/2020	Truck: 154	Accounts Receivable	154	0	76293	
SPL	INVOICE	12/12/2020	I-2	Sales Income	154	0.0	76293	0.07	0.0	
ENDTRNS	
TRNS	INVOICE	12/12/2020	Truck: 1542	Accounts Receivable	154	0	76294	
SPL	INVOICE	12/12/2020	H2	Sales Income	154	0.0	76294	0.08	0.0	
ENDTRNS	
TRNS	INVOICE	12/12/2020	Truck: 1547	Accounts Receivable	154	0	76295	
SPL	INVOICE	12/12/2020	H2	Sales Income	154	0.0	76295	0.15	0.0	
ENDTRNS	
TRNS	INVOICE	12/12/2020	Truck: 1543	Accounts Receivable	154	0	76296	
SPL	INVOICE	12/12/2020	H2	Sales Income	154	0.0	76296	0.04	0.0	
ENDTRNS	
TRNS	INVOICE	12/12/2020	Truck: 154	Accounts Receivable	154	0	76297	
SPL	INVOICE	12/12/2020	H-2	Sales Income	154	0.0	76297	0.02	0.0	
ENDTRNS	
TRNS	INVOICE	12/12/2020	Truck: 154ram	Accounts Receivable	182	8.21	76298	
SPL	INVOICE	12/12/2020	DC	Sales Income	182	-8.21	76298	0.18	45.61	
ENDTRNS	
TRNS	INVOICE	12/12/2020	Truck: 154	Accounts Receivable	154	0	76299	
SPL	INVOICE	12/12/2020	H-2	Sales Income	154	0.0	76299	0.06	0.0	
ENDTRNS	
TRNS	INVOICE	12/12/2020	Truck: 1542	Accounts Receivable	154	0	76300	
SPL	INVOICE	12/12/2020	H2	Sales Income	154	0.0	76300	0.22	0.0	
ENDTRNS	
TRNS	INVOICE	12/12/2020	Truck: 1548	Accounts Receivable	154	0	76301	
SPL	INVOICE	12/12/2020	H2	Sales Income	154	0.0	76301	0.08	0.0	
ENDTRNS	
TRNS	INVOICE	12/12/2020	Truck: 154	Accounts Receivable	154	0	76302	
SPL	INVOICE	12/12/2020	H-2	Sales Income	154	0.0	76302	0.06	0.0	
ENDTRNS	
TRNS	INVOICE	12/12/2020	Truck: 1542	Accounts Receivable	154	0	76303	
SPL	INVOICE	12/12/2020	H2	Sales Income	154	0.0	76303	0.03	0.0	
ENDTRNS	
TRNS	INVOICE	12/12/2020	Truck: 154	Accounts Receivable	154	0	76304	
SPL	INVOICE	12/12/2020	H-2	Sales Income	154	0.0	76304	0.43	0.0	
ENDTRNS	
TRNS	INVOICE	12/12/2020	Truck: 1542	Accounts Receivable	154	0	76305	
SPL	INVOICE	12/12/2020	I-2	Sales Income	154	0.0	76305	0.41	0.0	
ENDTRNS	
TRNS	INVOICE	12/12/2020	Truck: taco	Accounts Receivable	154	0	76306	
SPL	INVOICE	12/12/2020	I-2	Sales Income	154	0.0	76306	0.19	0.0	
ENDTRNS	
TRNS	INVOICE	12/12/2020	Truck: kelly	Accounts Receivable	154	0	76307	
SPL	INVOICE	12/12/2020	H2	Sales Income	154	0.0	76307	0.04	0.0	
ENDTRNS	
TRNS	INVOICE	12/12/2020	Truck: 185154	Accounts Receivable	154	0	76308	
SPL	INVOICE	12/12/2020	H2	Sales Income	154	0.0	76308	0.4	0.0	
ENDTRNS	
TRNS	INVOICE	12/18/2020	Truck: 154fx4	Accounts Receivable	154	0	76510	
SPL	INVOICE	12/18/2020	H2	Sales Income	154	0.0	76510	0.12	0.0	
ENDTRNS	
TRNS	INVOICE	12/18/2020	Truck: 154vly	Accounts Receivable	154	0	76511	
SPL	INVOICE	12/18/2020	H2	Sales Income	154	0.0	76511	0.14	0.0	
ENDTRNS	
TRNS	INVOICE	12/18/2020	Truck: Co H 3	Accounts Receivable	154	0	76512	
SPL	INVOICE	12/18/2020	H-2	Sales Income	154	0.0	76512	0.24	0.0	
ENDTRNS	
TRNS	INVOICE	12/18/2020	Truck: 154	Accounts Receivable	154	0	76513	
SPL	INVOICE	12/18/2020	H-2	Sales Income	154	0.0	76513	0.19	0.0	
ENDTRNS	
TRNS	INVOICE	12/18/2020	Truck: 154	Accounts Receivable	154	0	76514	
SPL	INVOICE	12/18/2020	H-2	Sales Income	154	0.0	76514	0.22	0.0	
ENDTRNS	
TRNS	INVOICE	12/18/2020	Truck: 154tahoe	Accounts Receivable	154	0	76515	
SPL	INVOICE	12/18/2020	I-2	Sales Income	154	0.0	76515	1.96	0.0	
ENDTRNS	
TRNS	INVOICE	12/18/2020	Truck: 1904	Accounts Receivable	162	0	76516	
SPL	INVOICE	12/18/2020	H-2	Sales Income	162	0.0	76516	6.84	0.0	
ENDTRNS	
TRNS	INVOICE	12/18/2020	Truck: 1907	Accounts Receivable	162	0	76517	
SPL	INVOICE	12/18/2020	H-2	Sales Income	162	0.0	76517	8.78	0.0	
ENDTRNS	
TRNS	INVOICE	12/18/2020	Truck: 154	Accounts Receivable	154	0	76518	
SPL	INVOICE	12/18/2020	H-2	Sales Income	154	0.0	76518	0.15	0.0	
ENDTRNS	
TRNS	INVOICE	12/18/2020	Truck: Renee 2	Accounts Receivable	194	10.03	76519	
SPL	INVOICE	12/18/2020	H1	Sales Income	194	-10.03	76519	0.22	45.59	
ENDTRNS	
TRNS	INVOICE	12/18/2020	Truck: 182tucker	Accounts Receivable	182	28.27	76520	
SPL	INVOICE	12/18/2020	DC	Sales Income	182	-28.27	76520	0.62	45.6	
ENDTRNS	
TRNS	INVOICE	12/18/2020	Truck: 1891	Accounts Receivable	173	0	76521	
SPL	INVOICE	12/18/2020	H-3	Sales Income	173	0.0	76521	22.91	0.0	
ENDTRNS	
TRNS	INVOICE	12/18/2020	Truck: 1543000	Accounts Receivable	154	0	76522	
SPL	INVOICE	12/18/2020	H2	Sales Income	154	0.0	76522	0.24	0.0	
ENDTRNS	
TRNS	INVOICE	12/18/2020	Truck: 154tun	Accounts Receivable	154	0	76523	
SPL	INVOICE	12/18/2020	I-2	Sales Income	154	0.0	76523	1.19	0.0	
ENDTRNS	
TRNS	INVOICE	12/18/2020	Truck: 1903	Accounts Receivable	162	0	76524	
SPL	INVOICE	12/18/2020	H-2	Sales Income	162	0.0	76524	7.34	0.0	
ENDTRNS	
TRNS	INVOICE	12/18/2020	Truck: 182chief	Accounts Receivable	182	8.21	76525	
SPL	INVOICE	12/18/2020	DC	Sales Income	182	-8.21	76525	0.18	45.61	
ENDTRNS	
TRNS	INVOICE	12/18/2020	Truck: 1902	Accounts Receivable	162	0	76526	
SPL	INVOICE	12/18/2020	H-2	Sales Income	162	0.0	76526	8.08	0.0	
ENDTRNS	
TRNS	INVOICE	12/18/2020	Truck: 154182	Accounts Receivable	154	0	76527	
SPL	INVOICE	12/18/2020	H2	Sales Income	154	0.0	76527	0.09	0.0	
ENDTRNS	
TRNS	INVOICE	12/19/2020	Truck: 154duel	Accounts Receivable	154	0	76576	
SPL	INVOICE	12/19/2020	H2	Sales Income	154	0.0	76576	0.11	0.0	
ENDTRNS	
TRNS	INVOICE	12/19/2020	Truck: 154 mex	Accounts Receivable	154	0	76577	
SPL	INVOICE	12/19/2020	I-2	Sales Income	154	0.0	76577	0.56	0.0	
ENDTRNS	
TRNS	INVOICE	12/19/2020	Truck: 154tac	Accounts Receivable	154	0	76578	
SPL	INVOICE	12/19/2020	I-2	Sales Income	154	0.0	76578	0.49	0.0	
ENDTRNS	
TRNS	INVOICE	12/19/2020	Truck: 182	Accounts Receivable	182	15.96	76579	
SPL	INVOICE	12/19/2020	DC	Sales Income	182	-15.96	76579	0.35	45.6	
ENDTRNS	
TRNS	INVOICE	12/19/2020	Truck: 154ram	Accounts Receivable	154	0	76580	
SPL	INVOICE	12/19/2020	H2	Sales Income	154	0.0	76580	0.29	0.0	
ENDTRNS	
TRNS	INVOICE	12/19/2020	Truck: 154z71	Accounts Receivable	154	0	76581	
SPL	INVOICE	12/19/2020	H2	Sales Income	154	0.0	76581	0.44	0.0	
ENDTRNS	
TRNS	INVOICE	12/19/2020	Truck: 182	Accounts Receivable	182	9.12	76582	
SPL	INVOICE	12/19/2020	DC	Sales Income	182	-9.12	76582	0.2	45.6	
ENDTRNS	
TRNS	INVOICE	12/21/2020	Truck: 154	Accounts Receivable	154	0	76583	
SPL	INVOICE	12/21/2020	H-2	Sales Income	154	0.0	76583	0.24	0.0	
ENDTRNS	
TRNS	INVOICE	12/21/2020	Truck: 1706comp	Accounts Receivable	240	185.14	76584	
SPL	INVOICE	12/21/2020	H1	Sales Income	240	-185.14	76584	4.06	45.6	
ENDTRNS	
TRNS	INVOICE	12/21/2020	Truck: 1921-I	Accounts Receivable	162	0	76585	
SPL	INVOICE	12/21/2020	H2	Sales Income	162	0.0	76585	1.19	0.0	
ENDTRNS	
TRNS	INVOICE	12/21/2020	Truck: 154sch	Accounts Receivable	154	0	76586	
SPL	INVOICE	12/21/2020	H2	Sales Income	154	0.0	76586	0.39	0.0	
ENDTRNS	
TRNS	INVOICE	12/21/2020	Truck: 154z71	Accounts Receivable	154	0	76587	
SPL	INVOICE	12/21/2020	H2	Sales Income	154	0.0	76587	0.07	0.0	
ENDTRNS	
TRNS	INVOICE	12/21/2020	Truck: 1921-O	Accounts Receivable	162	0	76588	
SPL	INVOICE	12/21/2020	H-2	Sales Income	162	0.0	76588	2.3	0.0	
ENDTRNS	
TRNS	INVOICE	12/21/2020	Truck: 154f	Accounts Receivable	154	0	76589	
SPL	INVOICE	12/21/2020	H2	Sales Income	154	0.0	76589	0.07	0.0	
ENDTRNS	
TRNS	INVOICE	12/21/2020	Truck: 154ch	Accounts Receivable	154	0	76590	
SPL	INVOICE	12/21/2020	H2	Sales Income	154	0.0	76590	0.28	0.0	
ENDTRNS	
TRNS	INVOICE	12/21/2020	Truck: 1921-C	Accounts Receivable	162	0	76591	
SPL	INVOICE	12/21/2020	H-2	Sales Income	162	0.0	76591	8.95	0.0	
ENDTRNS	
TRNS	INVOICE	12/21/2020	Truck: 182	Accounts Receivable	240	83.9	76592	
SPL	INVOICE	12/21/2020	H1	Sales Income	240	-83.9	76592	1.84	45.6	
ENDTRNS	
TRNS	INVOICE	12/21/2020	Truck: 182/1	Accounts Receivable	236	0	76593	
SPL	INVOICE	12/21/2020	H2	Sales Income	236	0.0	76593	1.62	0.0	
ENDTRNS	
TRNS	INVOICE	12/21/2020	Truck: 154	Accounts Receivable	154	0	76606	
SPL	INVOICE	12/21/2020	H-2	Sales Income	154	0.0	76606	0.38	0.0	
ENDTRNS	
TRNS	INVOICE	12/21/2020	Truck: CoH2	Accounts Receivable	154	0	76607	
SPL	INVOICE	12/21/2020	I-2	Sales Income	154	0.0	76607	0.28	0.0	
ENDTRNS	
TRNS	INVOICE	12/21/2020	Truck: 154ford	Accounts Receivable	154	0	76608	
SPL	INVOICE	12/21/2020	H2	Sales Income	154	0.0	76608	0.32	0.0	
ENDTRNS	
TRNS	INVOICE	12/21/2020	Truck: 154tahoe	Accounts Receivable	154	0	76609	
SPL	INVOICE	12/21/2020	I-2	Sales Income	154	0.0	76609	2.56	0.0	
ENDTRNS	
TRNS	INVOICE	12/21/2020	Truck: 182	Accounts Receivable	182	25.99	76610	
SPL	INVOICE	12/21/2020	DC	Sales Income	182	-25.99	76610	0.57	45.6	
ENDTRNS	
TRNS	INVOICE	12/21/2020	Truck: 182mford	Accounts Receivable	182	62.93	76611	
SPL	INVOICE	12/21/2020	DC	Sales Income	182	-62.93	76611	1.38	45.6	
ENDTRNS	
TRNS	INVOICE	12/21/2020	Truck: 154gmc	Accounts Receivable	154	0	76612	
SPL	INVOICE	12/21/2020	H2	Sales Income	154	0.0	76612	0.21	0.0	
ENDTRNS	
TRNS	INVOICE	12/21/2020	Truck: 154	Accounts Receivable	236	0	76613	
SPL	INVOICE	12/21/2020	H-2	Sales Income	236	0.0	76613	0.66	0.0	
ENDTRNS	
TRNS	INVOICE	12/21/2020	Truck: 1921-O	Accounts Receivable	162	0	76614	
SPL	INVOICE	12/21/2020	H-2	Sales Income	162	0.0	76614	2.21	0.0	
ENDTRNS	
TRNS	INVOICE	12/21/2020	Truck: 182	Accounts Receivable	239	104.42	76615	
SPL	INVOICE	12/21/2020	DC	Sales Income	239	-104.42	76615	2.29	45.6	
ENDTRNS	
TRNS	INVOICE	12/21/2020	Truck: 15444x4	Accounts Receivable	154	0	76616	
SPL	INVOICE	12/21/2020	H2	Sales Income	154	0.0	76616	0.12	0.0	
ENDTRNS	
TRNS	INVOICE	12/21/2020	Truck: Renee 2	Accounts Receivable	194	20.06	76617	
SPL	INVOICE	12/21/2020	H1	Sales Income	194	-20.06	76617	0.44	45.59	
ENDTRNS	
TRNS	INVOICE	12/21/2020	Truck: 154wford	Accounts Receivable	154	0	76618	
SPL	INVOICE	12/21/2020	I-2	Sales Income	154	0.0	76618	0.18	0.0	
ENDTRNS	
TRNS	INVOICE	12/21/2020	Truck: 154st	Accounts Receivable	154	0	76619	
SPL	INVOICE	12/21/2020	H2	Sales Income	154	0.0	76619	0.09	0.0	
ENDTRNS	
TRNS	INVOICE	12/21/2020	Truck: 1921-O	Accounts Receivable	162	0	76620	
SPL	INVOICE	12/21/2020	H-2	Sales Income	162	0.0	76620	2.92	0.0	
ENDTRNS	
TRNS	INVOICE	12/21/2020	Truck: 1 2 3	Accounts Receivable	154	0	76621	
SPL	INVOICE	12/21/2020	H-2	Sales Income	154	0.0	76621	2.27	0.0	
ENDTRNS	
TRNS	INVOICE	12/21/2020	Truck: 1907	Accounts Receivable	162	0	76622	
SPL	INVOICE	12/21/2020	H-2	Sales Income	162	0.0	76622	10.02	0.0	
ENDTRNS	
TRNS	INVOICE	12/21/2020	Truck: 154th	Accounts Receivable	154	0	76623	
SPL	INVOICE	12/21/2020	I-2	Sales Income	154	0.0	76623	1.57	0.0	
ENDTRNS	
TRNS	INVOICE	12/22/2020	Truck: 182	Accounts Receivable	182	39.22	76643	
SPL	INVOICE	12/22/2020	DC	Sales Income	182	-39.22	76643	0.86	45.6	
ENDTRNS	
TRNS	INVOICE	12/22/2020	Truck: 1895	Accounts Receivable	173	0	76644	
SPL	INVOICE	12/22/2020	H-3	Sales Income	173	0.0	76644	23.58	0.0	
ENDTRNS	
TRNS	INVOICE	12/22/2020	Truck: 154	Accounts Receivable	154	0	76645	
SPL	INVOICE	12/22/2020	I-2	Sales Income	154	0.0	76645	0.01	0.0	
ENDTRNS	
TRNS	INVOICE	12/22/2020	Truck: 1307	Accounts Receivable	240	142.27	76646	
SPL	INVOICE	12/22/2020	H1	Sales Income	240	-142.27	76646	3.12	45.6	
ENDTRNS	
TRNS	INVOICE	12/22/2020	Truck: 154	Accounts Receivable	154	0	76647	
SPL	INVOICE	12/22/2020	H-2	Sales Income	154	0.0	76647	0.32	0.0	
ENDTRNS	
TRNS	INVOICE	12/22/2020	Truck: 154	Accounts Receivable	154	0	76648	
SPL	INVOICE	12/22/2020	H-2	Sales Income	154	0.0	76648	0.37	0.0	
ENDTRNS	
TRNS	INVOICE	12/22/2020	Truck: Renee 2	Accounts Receivable	194	6.38	76649	
SPL	INVOICE	12/22/2020	H1	Sales Income	194	-6.38	76649	0.14	45.57	
ENDTRNS	
TRNS	INVOICE	12/22/2020	Truck: 154	Accounts Receivable	154	0	76650	
SPL	INVOICE	12/22/2020	H-2	Sales Income	154	0.0	76650	0.04	0.0	
ENDTRNS	
TRNS	INVOICE	12/22/2020	Truck: Reram	Accounts Receivable	154	0	76651	
SPL	INVOICE	12/22/2020	H2	Sales Income	154	0.0	76651	0.01	0.0	
ENDTRNS	
TRNS	INVOICE	12/22/2020	Truck: 154	Accounts Receivable	154	0	76652	
SPL	INVOICE	12/22/2020	H-2	Sales Income	154	0.0	76652	0.22	0.0	
ENDTRNS	
TRNS	INVOICE	12/22/2020	Truck: 1921-C	Accounts Receivable	162	0	76653	
SPL	INVOICE	12/22/2020	H-2	Sales Income	162	0.0	76653	2.34	0.0	
ENDTRNS	
TRNS	INVOICE	12/22/2020	Truck: 154	Accounts Receivable	154	0	76654	
SPL	INVOICE	12/22/2020	H-2	Sales Income	154	0.0	76654	0.1	0.0	
ENDTRNS	
TRNS	INVOICE	12/22/2020	Truck: 154	Accounts Receivable	154	0	76655	
SPL	INVOICE	12/22/2020	H-2	Sales Income	154	0.0	76655	0.37	0.0	
ENDTRNS	
TRNS	INVOICE	12/22/2020	Truck: 1543	Accounts Receivable	154	0	76656	
SPL	INVOICE	12/22/2020	H2	Sales Income	154	0.0	76656	0.11	0.0	
ENDTRNS	
TRNS	INVOICE	12/22/2020	Truck: 154red	Accounts Receivable	154	0	76657	
SPL	INVOICE	12/22/2020	H2	Sales Income	154	0.0	76657	0.02	0.0	
ENDTRNS	
TRNS	INVOICE	12/22/2020	Truck: 1904	Accounts Receivable	162	0	76658	
SPL	INVOICE	12/22/2020	H-2	Sales Income	162	0.0	76658	7.15	0.0	
ENDTRNS	
TRNS	INVOICE	12/22/2020	Truck: 1548	Accounts Receivable	154	0	76659	
SPL	INVOICE	12/22/2020	I-2	Sales Income	154	0.0	76659	1.24	0.0	
ENDTRNS	
TRNS	INVOICE	12/22/2020	Truck: 1921-C	Accounts Receivable	162	0	76660	
SPL	INVOICE	12/22/2020	H-2	Sales Income	162	0.0	76660	8.04	0.0	
ENDTRNS	
TRNS	INVOICE	12/22/2020	Truck: 154jordan	Accounts Receivable	154	0	76679	
SPL	INVOICE	12/22/2020	H2	Sales Income	154	0.0	76679	0.15	0.0	
ENDTRNS	
TRNS	INVOICE	12/22/2020	Truck: 154	Accounts Receivable	154	0	76680	
SPL	INVOICE	12/22/2020	H-2	Sales Income	154	0.0	76680	2.17	0.0	
ENDTRNS	
TRNS	INVOICE	12/22/2020	Truck: Ci	Accounts Receivable	154	0	76681	
SPL	INVOICE	12/22/2020	H2	Sales Income	154	0.0	76681	0.1	0.0	
ENDTRNS	
TRNS	INVOICE	12/22/2020	Truck: 1542	Accounts Receivable	154	0	76682	
SPL	INVOICE	12/22/2020	H2	Sales Income	154	0.0	76682	0.96	0.0	
ENDTRNS	
TRNS	INVOICE	12/22/2020	Truck: outdoor	Accounts Receivable	154	0	76683	
SPL	INVOICE	12/22/2020	H2	Sales Income	154	0.0	76683	0.07	0.0	
ENDTRNS	
TRNS	INVOICE	12/22/2020	Truck: burg	Accounts Receivable	182	32.83	76684	
SPL	INVOICE	12/22/2020	DC	Sales Income	182	-32.83	76684	0.72	45.6	
ENDTRNS	
TRNS	INVOICE	12/22/2020	Truck: WHit	Accounts Receivable	154	0	76685	
SPL	INVOICE	12/22/2020	H2	Sales Income	154	0.0	76685	0.35	0.0	
ENDTRNS	
TRNS	INVOICE	12/22/2020	Truck: 154blu	Accounts Receivable	154	0	76686	
SPL	INVOICE	12/22/2020	H2	Sales Income	154	0.0	76686	0.03	0.0	
ENDTRNS	
TRNS	INVOICE	12/22/2020	Truck: 2919	Accounts Receivable	154	0	76687	
SPL	INVOICE	12/22/2020	I-2	Sales Income	154	0.0	76687	1.53	0.0	
ENDTRNS	
TRNS	INVOICE	12/22/2020	Truck: 15422	Accounts Receivable	154	0	76688	
SPL	INVOICE	12/22/2020	I-2	Sales Income	154	0.0	76688	1.62	0.0	
ENDTRNS	
TRNS	INVOICE	12/22/2020	Truck: Renee 2	Accounts Receivable	194	19.61	76689	
SPL	INVOICE	12/22/2020	H1	Sales Income	194	-19.61	76689	0.43	45.6	
ENDTRNS	
TRNS	INVOICE	12/22/2020	Truck: 1905	Accounts Receivable	162	0	76690	
SPL	INVOICE	12/22/2020	H-2	Sales Income	162	0.0	76690	2.46	0.0	
ENDTRNS	
TRNS	INVOICE	12/22/2020	Truck: Sanchez	Accounts Receivable	154	0	76691	
SPL	INVOICE	12/22/2020	I-2	Sales Income	154	0.0	76691	1.58	0.0	
ENDTRNS	
TRNS	INVOICE	12/22/2020	Truck: 154grill	Accounts Receivable	154	0	76692	
SPL	INVOICE	12/22/2020	H2	Sales Income	154	0.0	76692	0.33	0.0	
ENDTRNS	
TRNS	INVOICE	12/22/2020	Truck: 1907	Accounts Receivable	162	0	76693	
SPL	INVOICE	12/22/2020	H-2	Sales Income	162	0.0	76693	9.6	0.0	
ENDTRNS	
TRNS	INVOICE	12/22/2020	Truck: 1904	Accounts Receivable	162	0	76694	
SPL	INVOICE	12/22/2020	H-2	Sales Income	162	0.0	76694	2.79	0.0	
ENDTRNS	
TRNS	INVOICE	12/22/2020	Truck: 154rail	Accounts Receivable	154	0	76695	
SPL	INVOICE	12/22/2020	I-2	Sales Income	154	0.0	76695	0.29	0.0	
ENDTRNS	
TRNS	INVOICE	12/22/2020	Truck: 182	Accounts Receivable	182	34.38	76696	
SPL	INVOICE	12/22/2020	I-1	Sales Income	182	-34.38	76696	1.91	18.0	
ENDTRNS	
TRNS	INVOICE	12/14/2020	Truck: 182	Accounts Receivable	182	7.3	76366	
SPL	INVOICE	12/14/2020	DC	Sales Income	182	-7.3	76366	0.16	45.62	
ENDTRNS	
TRNS	INVOICE	12/14/2020	Truck: 1910-O	Accounts Receivable	162	0	76367	
SPL	INVOICE	12/14/2020	H-2	Sales Income	162	0.0	76367	2.56	0.0	
ENDTRNS	
TRNS	INVOICE	12/15/2020	Truck: 1906	Accounts Receivable	162	0	76404	
SPL	INVOICE	12/15/2020	H-2	Sales Income	162	0.0	76404	2.51	0.0	
ENDTRNS	
TRNS	INVOICE	12/15/2020	Truck: Red154	Accounts Receivable	154	0	76405	
SPL	INVOICE	12/15/2020	H2	Sales Income	154	0.0	76405	0.56	0.0	
ENDTRNS	
TRNS	INVOICE	12/15/2020	Truck: tim	Accounts Receivable	222	13.68	76406	
SPL	INVOICE	12/15/2020	AP 1	Sales Income	222	-13.68	76406	0.3	45.6	
ENDTRNS	
TRNS	INVOICE	12/15/2020	Truck: frame one	Accounts Receivable	182	67.49	76407	
SPL	INVOICE	12/15/2020	DC	Sales Income	182	-67.49	76407	1.48	45.6	
ENDTRNS	
TRNS	INVOICE	12/15/2020	Truck: Renee 2	Accounts Receivable	194	15.5	76408	
SPL	INVOICE	12/15/2020	H1	Sales Income	194	-15.5	76408	0.34	45.59	
ENDTRNS	
TRNS	INVOICE	12/15/2020	Truck: 182	Accounts Receivable	182	26.45	76409	
SPL	INVOICE	12/15/2020	DC	Sales Income	182	-26.45	76409	0.58	45.6	
ENDTRNS	
TRNS	INVOICE	12/15/2020	Truck: 154	Accounts Receivable	154	0	76410	
SPL	INVOICE	12/15/2020	H-2	Sales Income	154	0.0	76410	0.22	0.0	
ENDTRNS	
TRNS	INVOICE	12/15/2020	Truck: 1902	Accounts Receivable	162	0	76411	
SPL	INVOICE	12/15/2020	H-2	Sales Income	162	0.0	76411	8.59	0.0	
ENDTRNS	
TRNS	INVOICE	12/15/2020	Truck: 1906	Accounts Receivable	162	0	76412	
SPL	INVOICE	12/15/2020	H-2	Sales Income	162	0.0	76412	8.07	0.0	
ENDTRNS	
TRNS	INVOICE	12/15/2020	Truck: 182	Accounts Receivable	182	0	76413	
SPL	INVOICE	12/15/2020	H2	Sales Income	182	0.0	76413	0.07	0.0	
ENDTRNS	
TRNS	INVOICE	12/15/2020	Truck: 154	Accounts Receivable	154	0	76414	
SPL	INVOICE	12/15/2020	H-2	Sales Income	154	0.0	76414	2.6	0.0	
ENDTRNS	
TRNS	INVOICE	12/15/2020	Truck: 1905	Accounts Receivable	162	0	76415	
SPL	INVOICE	12/15/2020	H-2	Sales Income	162	0.0	76415	0.85	0.0	
ENDTRNS	
TRNS	INVOICE	12/15/2020	Truck: 1904	Accounts Receivable	162	0	76416	
SPL	INVOICE	12/15/2020	H-2	Sales Income	162	0.0	76416	3.05	0.0	
ENDTRNS	
TRNS	INVOICE	12/15/2020	Truck: 154	Accounts Receivable	154	0	76417	
SPL	INVOICE	12/15/2020	I-2	Sales Income	154	0.0	76417	0.09	0.0	
ENDTRNS	
TRNS	INVOICE	12/15/2020	Truck: 1903	Accounts Receivable	162	0	76418	
SPL	INVOICE	12/15/2020	H-2	Sales Income	162	0.0	76418	9.28	0.0	
ENDTRNS	
TRNS	INVOICE	12/16/2020	Truck: 1895	Accounts Receivable	173	0	76437	
SPL	INVOICE	12/16/2020	H-3	Sales Income	173	0.0	76437	24.83	0.0	
ENDTRNS	
TRNS	INVOICE	12/23/2020	Truck: 154	Accounts Receivable	154	0	76743	
SPL	INVOICE	12/23/2020	H-2	Sales Income	154	0.0	76743	0.09	0.0	
ENDTRNS	
TRNS	INVOICE	12/23/2020	Truck: 154sil	Accounts Receivable	154	0	76744	
SPL	INVOICE	12/23/2020	I-2	Sales Income	154	0.0	76744	0.21	0.0	
ENDTRNS	
TRNS	INVOICE	12/23/2020	Truck: 154dump	Accounts Receivable	154	0	76745	
SPL	INVOICE	12/23/2020	I-2	Sales Income	154	0.0	76745	2.08	0.0	
ENDTRNS	
TRNS	INVOICE	12/23/2020	Truck: Co H 3	Accounts Receivable	154	0	76746	
SPL	INVOICE	12/23/2020	H-2	Sales Income	154	0.0	76746	0.22	0.0	
ENDTRNS	
TRNS	INVOICE	12/23/2020	Truck: 154ram	Accounts Receivable	154	0	76747	
SPL	INVOICE	12/23/2020	H2	Sales Income	154	0.0	76747	0.17	0.0	
ENDTRNS	
TRNS	INVOICE	12/23/2020	Truck: 1895	Accounts Receivable	173	0	76748	
SPL	INVOICE	12/23/2020	H-3	Sales Income	173	0.0	76748	27.36	0.0	
ENDTRNS	
TRNS	INVOICE	12/23/2020	Truck: 1454	Accounts Receivable	154	0	76749	
SPL	INVOICE	12/23/2020	H2	Sales Income	154	0.0	76749	0.24	0.0	
ENDTRNS	
TRNS	INVOICE	12/23/2020	Truck: 154olch	Accounts Receivable	154	0	76750	
SPL	INVOICE	12/23/2020	H2	Sales Income	154	0.0	76750	0.15	0.0	
ENDTRNS	
TRNS	INVOICE	12/23/2020	Truck: 154high	Accounts Receivable	154	0	76751	
SPL	INVOICE	12/23/2020	H2	Sales Income	154	0.0	76751	0.2	0.0	
ENDTRNS	
TRNS	INVOICE	12/23/2020	Truck: 154tun	Accounts Receivable	154	0	76752	
SPL	INVOICE	12/23/2020	I-2	Sales Income	154	0.0	76752	0.64	0.0	
ENDTRNS	
TRNS	INVOICE	12/23/2020	Truck: 154mche	Accounts Receivable	154	0	76753	
SPL	INVOICE	12/23/2020	I-2	Sales Income	154	0.0	76753	0.4	0.0	
ENDTRNS	
TRNS	INVOICE	12/23/2020	Truck: 154toy	Accounts Receivable	154	0	76754	
SPL	INVOICE	12/23/2020	H2	Sales Income	154	0.0	76754	0.08	0.0	
ENDTRNS	
TRNS	INVOICE	12/23/2020	Truck: 154mazda	Accounts Receivable	154	0	76755	
SPL	INVOICE	12/23/2020	H2	Sales Income	154	0.0	76755	0.02	0.0	
ENDTRNS	
TRNS	INVOICE	12/23/2020	Truck: 182jared	Accounts Receivable	182	14.14	76756	
SPL	INVOICE	12/23/2020	DC	Sales Income	182	-14.14	76756	0.31	45.61	
ENDTRNS	
TRNS	INVOICE	12/23/2020	Truck: 1544x4	Accounts Receivable	154	0	76757	
SPL	INVOICE	12/23/2020	H2	Sales Income	154	0.0	76757	0.27	0.0	
ENDTRNS	
TRNS	INVOICE	12/23/2020	Truck: 1907	Accounts Receivable	162	0	76758	
SPL	INVOICE	12/23/2020	H-2	Sales Income	162	0.0	76758	9.21	0.0	
ENDTRNS	
TRNS	INVOICE	12/23/2020	Truck: 154power	Accounts Receivable	154	0	76759	
SPL	INVOICE	12/23/2020	H2	Sales Income	154	0.0	76759	0.29	0.0	
ENDTRNS	
TRNS	INVOICE	12/23/2020	Truck: 154rford	Accounts Receivable	154	0	76760	
SPL	INVOICE	12/23/2020	H2	Sales Income	154	0.0	76760	0.02	0.0	
ENDTRNS	
TRNS	INVOICE	12/16/2020	Truck: josh carte	Accounts Receivable	122	80.26	76438	
SPL	INVOICE	12/16/2020	DC	Sales Income	122	-80.26	76438	1.76	45.6	
ENDTRNS	
TRNS	INVOICE	12/16/2020	Truck: todd	Accounts Receivable	182	10.94	76439	
SPL	INVOICE	12/16/2020	DC	Sales Income	182	-10.94	76439	0.24	45.58	
ENDTRNS	
TRNS	INVOICE	12/16/2020	Truck: josh	Accounts Receivable	122	64.75	76440	
SPL	INVOICE	12/16/2020	DC	Sales Income	122	-64.75	76440	1.42	45.6	
ENDTRNS	
TRNS	INVOICE	12/16/2020	Truck: 182	Accounts Receivable	182	10.03	76441	
SPL	INVOICE	12/16/2020	DC	Sales Income	182	-10.03	76441	0.22	45.59	
ENDTRNS	
TRNS	INVOICE	12/16/2020	Truck: 154couch	Accounts Receivable	154	0	76442	
SPL	INVOICE	12/16/2020	H2	Sales Income	154	0.0	76442	0.09	0.0	
ENDTRNS	
TRNS	INVOICE	12/16/2020	Truck: 182red	Accounts Receivable	182	11.86	76443	
SPL	INVOICE	12/16/2020	DC	Sales Income	182	-11.86	76443	0.26	45.62	
ENDTRNS	
TRNS	INVOICE	12/16/2020	Truck: davis	Accounts Receivable	182	41.95	76444	
SPL	INVOICE	12/16/2020	DC	Sales Income	182	-41.95	76444	0.92	45.6	
ENDTRNS	
TRNS	INVOICE	12/16/2020	Truck: CoH2	Accounts Receivable	154	0	76445	
SPL	INVOICE	12/16/2020	I-2	Sales Income	154	0.0	76445	0.19	0.0	
ENDTRNS	
TRNS	INVOICE	12/16/2020	Truck: 1891	Accounts Receivable	173	0	76446	
SPL	INVOICE	12/16/2020	H-3	Sales Income	173	0.0	76446	22.04	0.0	
ENDTRNS	
TRNS	INVOICE	12/16/2020	Truck: davis	Accounts Receivable	182	52.44	76447	
SPL	INVOICE	12/16/2020	DC	Sales Income	182	-52.44	76447	1.15	45.6	
ENDTRNS	
TRNS	INVOICE	12/17/2020	Truck: 154fx3	Accounts Receivable	154	0	76466	
SPL	INVOICE	12/17/2020	H2	Sales Income	154	0.0	76466	0.02	0.0	
ENDTRNS	
TRNS	INVOICE	12/17/2020	Truck: 238	Accounts Receivable	238	72.5	76467	
SPL	INVOICE	12/17/2020	DC	Sales Income	238	-72.5	76467	1.59	45.6	
ENDTRNS	
TRNS	INVOICE	12/17/2020	Truck: 1895	Accounts Receivable	173	0	76468	
SPL	INVOICE	12/17/2020	H-3	Sales Income	173	0.0	76468	30.01	0.0	
ENDTRNS	
TRNS	INVOICE	12/17/2020	Truck: 1921-I	Accounts Receivable	162	0	76469	
SPL	INVOICE	12/17/2020	H2	Sales Income	162	0.0	76469	1.81	0.0	
ENDTRNS	
TRNS	INVOICE	12/17/2020	Truck: 182	Accounts Receivable	240	117.65	76470	
SPL	INVOICE	12/17/2020	H1	Sales Income	240	-117.65	76470	2.58	45.6	
ENDTRNS	
TRNS	INVOICE	12/17/2020	Truck: 154toy	Accounts Receivable	154	0	76471	
SPL	INVOICE	12/17/2020	H2	Sales Income	154	0.0	76471	0.09	0.0	
ENDTRNS	
TRNS	INVOICE	12/17/2020	Truck: 1921-I	Accounts Receivable	162	0	76472	
SPL	INVOICE	12/17/2020	I-2	Sales Income	162	0.0	76472	0.73	0.0	
ENDTRNS	
TRNS	INVOICE	12/17/2020	Truck: 405-1489	Accounts Receivable	150	0	76473	
SPL	INVOICE	12/17/2020	I-2	Sales Income	150	0.0	76473	0.63	0.0	
ENDTRNS	
TRNS	INVOICE	12/17/2020	Truck: 182	Accounts Receivable	238	27.36	76474	
SPL	INVOICE	12/17/2020	DC	Sales Income	238	-27.36	76474	0.6	45.6	
ENDTRNS	
TRNS	INVOICE	12/17/2020	Truck: 154ram	Accounts Receivable	154	0	76475	
SPL	INVOICE	12/17/2020	H2	Sales Income	154	0.0	76475	0.18	0.0	
ENDTRNS	
TRNS	INVOICE	12/17/2020	Truck: 182tucker	Accounts Receivable	182	38.3	76476	
SPL	INVOICE	12/17/2020	DC	Sales Income	182	-38.3	76476	0.84	45.6	
ENDTRNS	
TRNS	INVOICE	12/17/2020	Truck: 1921-C	Accounts Receivable	162	0	76477	
SPL	INVOICE	12/17/2020	H-2	Sales Income	162	0.0	76477	9.11	0.0	
ENDTRNS	
TRNS	INVOICE	12/17/2020	Truck: 154	Accounts Receivable	154	0	76478	
SPL	INVOICE	12/17/2020	H-2	Sales Income	154	0.0	76478	0.27	0.0	
ENDTRNS	
TRNS	INVOICE	12/17/2020	Truck: 1891	Accounts Receivable	173	0	76479	
SPL	INVOICE	12/17/2020	H-3	Sales Income	173	0.0	76479	20.05	0.0	
ENDTRNS	
TRNS	INVOICE	12/17/2020	Truck: 1 2 3	Accounts Receivable	154	0	76480	
SPL	INVOICE	12/17/2020	H-2	Sales Income	154	0.0	76480	1.38	0.0	
ENDTRNS	
TRNS	INVOICE	12/17/2020	Truck: 185tucker	Accounts Receivable	182	61.1	76481	
SPL	INVOICE	12/17/2020	DC	Sales Income	182	-61.1	76481	1.34	45.6	
ENDTRNS	
TRNS	INVOICE	12/17/2020	Truck: 182	Accounts Receivable	236	132.7	76482	
SPL	INVOICE	12/17/2020	DC	Sales Income	236	-132.7	76482	2.91	45.6	
ENDTRNS	
TRNS	INVOICE	12/17/2020	Truck: 1895	Accounts Receivable	173	0	76483	
SPL	INVOICE	12/17/2020	H-3	Sales Income	173	0.0	76483	20.59	0.0	
ENDTRNS	
TRNS	INVOICE	12/17/2020	Truck: 1921-C	Accounts Receivable	162	0	76484	
SPL	INVOICE	12/17/2020	H-2	Sales Income	162	0.0	76484	6.89	0.0	
ENDTRNS	
TRNS	INVOICE	12/17/2020	Truck: 1906	Accounts Receivable	162	0	76485	
SPL	INVOICE	12/17/2020	H-2	Sales Income	162	0.0	76485	6.68	0.0	
ENDTRNS	
TRNS	INVOICE	12/17/2020	Truck: Renee 2	Accounts Receivable	194	21.43	76486	
SPL	INVOICE	12/17/2020	H1	Sales Income	194	-21.43	76486	0.47	45.6	
ENDTRNS	
TRNS	INVOICE	12/17/2020	Truck: 1907	Accounts Receivable	162	0	76487	
SPL	INVOICE	12/17/2020	H-2	Sales Income	162	0.0	76487	6.31	0.0	
ENDTRNS	
TRNS	INVOICE	12/17/2020	Truck: 1904	Accounts Receivable	162	0	76488	
SPL	INVOICE	12/17/2020	H-2	Sales Income	162	0.0	76488	6.15	0.0	
ENDTRNS	
TRNS	INVOICE	12/17/2020	Truck: 1544x4	Accounts Receivable	154	0	76489	
SPL	INVOICE	12/17/2020	H2	Sales Income	154	0.0	76489	0.17	0.0	
ENDTRNS	
TRNS	INVOICE	12/18/2020	Truck: 182	Accounts Receivable	182	5.47	76508	
SPL	INVOICE	12/18/2020	DC	Sales Income	182	-5.47	76508	0.12	45.58	
ENDTRNS	
TRNS	INVOICE	12/18/2020	Truck: 1921-O	Accounts Receivable	162	0	76509	
SPL	INVOICE	12/18/2020	H-2	Sales Income	162	0.0	76509	1.87	0.0	
ENDTRNS	
TRNS	INVOICE	12/26/2020	Truck: 1547	Accounts Receivable	154	0	76788	
SPL	INVOICE	12/26/2020	H2	Sales Income	154	0.0	76788	0.71	0.0	
ENDTRNS	
TRNS	INVOICE	12/26/2020	Truck: BIFF	Accounts Receivable	154	0	76789	
SPL	INVOICE	12/26/2020	I-2	Sales Income	154	0.0	76789	0.57	0.0	
ENDTRNS	
TRNS	INVOICE	12/26/2020	Truck: 1549	Accounts Receivable	154	0	76790	
SPL	INVOICE	12/26/2020	H2	Sales Income	154	0.0	76790	0.1	0.0	
ENDTRNS	
TRNS	INVOICE	12/26/2020	Truck: 154SILV	Accounts Receivable	154	0	76791	
SPL	INVOICE	12/26/2020	H2	Sales Income	154	0.0	76791	0.4	0.0	
ENDTRNS	
TRNS	INVOICE	12/26/2020	Truck: BRUG	Accounts Receivable	154	0	76792	
SPL	INVOICE	12/26/2020	H2	Sales Income	154	0.0	76792	0.09	0.0	
ENDTRNS	
TRNS	INVOICE	12/26/2020	Truck: 182PALL	Accounts Receivable	182	0	76793	
SPL	INVOICE	12/26/2020	H2	Sales Income	182	0.0	76793	0.58	0.0	
ENDTRNS	
TRNS	INVOICE	12/26/2020	Truck: VAN	Accounts Receivable	154	0	76794	
SPL	INVOICE	12/26/2020	H2	Sales Income	154	0.0	76794	0.05	0.0	
ENDTRNS	
TRNS	INVOICE	12/26/2020	Truck: 1822	Accounts Receivable	182	14.14	76795	
SPL	INVOICE	12/26/2020	DC	Sales Income	182	-14.14	76795	0.31	45.61	
ENDTRNS	
TRNS	INVOICE	12/26/2020	Truck: 1549	Accounts Receivable	154	0	76796	
SPL	INVOICE	12/26/2020	H2	Sales Income	154	0.0	76796	0.11	0.0	
ENDTRNS	
TRNS	INVOICE	12/26/2020	Truck: 24154	Accounts Receivable	154	0	76797	
SPL	INVOICE	12/26/2020	H2	Sales Income	154	0.0	76797	0.05	0.0	
ENDTRNS	
TRNS	INVOICE	12/26/2020	Truck: 154RED	Accounts Receivable	154	0	76798	
SPL	INVOICE	12/26/2020	H2	Sales Income	154	0.0	76798	0.09	0.0	
ENDTRNS	
TRNS	INVOICE	12/26/2020	Truck: Renee 2	Accounts Receivable	194	17.78	76799	
SPL	INVOICE	12/26/2020	H1	Sales Income	194	-17.78	76799	0.39	45.59	
ENDTRNS	
TRNS	INVOICE	12/26/2020	Truck: 154SMOK	Accounts Receivable	154	0	76800	
SPL	INVOICE	12/26/2020	H2	Sales Income	154	0.0	76800	0.07	0.0	
ENDTRNS	
TRNS	INVOICE	12/26/2020	Truck: RAM154	Accounts Receivable	154	0	76801	
SPL	INVOICE	12/26/2020	H2	Sales Income	154	0.0	76801	0.03	0.0	
ENDTRNS	
TRNS	INVOICE	12/26/2020	Truck: 154	Accounts Receivable	154	0	76802	
SPL	INVOICE	12/26/2020	H-2	Sales Income	154	0.0	76802	0.16	0.0	
ENDTRNS	
TRNS	INVOICE	12/26/2020	Truck: 154MATT	Accounts Receivable	154	0	76803	
SPL	INVOICE	12/26/2020	H2	Sales Income	154	0.0	76803	0.21	0.0	
ENDTRNS	
TRNS	INVOICE	12/26/2020	Truck: 154	Accounts Receivable	154	0	76804	
SPL	INVOICE	12/26/2020	H-2	Sales Income	154	0.0	76804	0.11	0.0	
ENDTRNS	
TRNS	INVOICE	12/26/2020	Truck: 154	Accounts Receivable	154	0	76805	
SPL	INVOICE	12/26/2020	H-2	Sales Income	154	0.0	76805	0.22	0.0	
ENDTRNS	
TRNS	INVOICE	12/22/2020	Truck: 1547	Accounts Receivable	154	0	76661	
SPL	INVOICE	12/22/2020	H2	Sales Income	154	0.0	76661	0.1	0.0	
ENDTRNS	
TRNS	INVOICE	12/22/2020	Truck: 1543	Accounts Receivable	154	0	76662	
SPL	INVOICE	12/22/2020	H2	Sales Income	154	0.0	76662	0.2	0.0	
ENDTRNS	
TRNS	INVOICE	12/22/2020	Truck: 1905	Accounts Receivable	162	0	76663	
SPL	INVOICE	12/22/2020	H-2	Sales Income	162	0.0	76663	6.29	0.0	
ENDTRNS	
TRNS	INVOICE	12/22/2020	Truck: 1891	Accounts Receivable	173	0	76664	
SPL	INVOICE	12/22/2020	H-3	Sales Income	173	0.0	76664	24.65	0.0	
ENDTRNS	
TRNS	INVOICE	12/22/2020	Truck: bradshaw	Accounts Receivable	182	37.39	76665	
SPL	INVOICE	12/22/2020	DC	Sales Income	182	-37.39	76665	0.82	45.6	
ENDTRNS	
TRNS	INVOICE	12/22/2020	Truck: 182moy	Accounts Receivable	182	0	76666	
SPL	INVOICE	12/22/2020	H2	Sales Income	182	0.0	76666	0.84	0.0	
ENDTRNS	
TRNS	INVOICE	12/22/2020	Truck: 154	Accounts Receivable	154	0	76667	
SPL	INVOICE	12/22/2020	H-2	Sales Income	154	0.0	76667	0.18	0.0	
ENDTRNS	
TRNS	INVOICE	12/22/2020	Truck: 1547	Accounts Receivable	154	0	76668	
SPL	INVOICE	12/22/2020	I-2	Sales Income	154	0.0	76668	0.56	0.0	
ENDTRNS	
TRNS	INVOICE	12/22/2020	Truck: 154jeep	Accounts Receivable	154	0	76669	
SPL	INVOICE	12/22/2020	H2	Sales Income	154	0.0	76669	0.1	0.0	
ENDTRNS	
TRNS	INVOICE	12/22/2020	Truck: 182	Accounts Receivable	182	36.9	76670	
SPL	INVOICE	12/22/2020	I-1	Sales Income	182	-36.9	76670	2.05	18.0	
ENDTRNS	
TRNS	INVOICE	12/22/2020	Truck: 1902	Accounts Receivable	162	0	76671	
SPL	INVOICE	12/22/2020	H-2	Sales Income	162	0.0	76671	6.55	0.0	
ENDTRNS	
TRNS	INVOICE	12/22/2020	Truck: 154	Accounts Receivable	154	0	76672	
SPL	INVOICE	12/22/2020	H-2	Sales Income	154	0.0	76672	0.42	0.0	
ENDTRNS	
TRNS	INVOICE	12/22/2020	Truck: 1542	Accounts Receivable	154	0	76673	
SPL	INVOICE	12/22/2020	I-2	Sales Income	154	0.0	76673	0.02	0.0	
ENDTRNS	
TRNS	INVOICE	12/22/2020	Truck: 154matt	Accounts Receivable	154	0	76674	
SPL	INVOICE	12/22/2020	H2	Sales Income	154	0.0	76674	1.44	0.0	
ENDTRNS	
TRNS	INVOICE	12/22/2020	Truck: 1822	Accounts Receivable	182	11.34	76675	
SPL	INVOICE	12/22/2020	I-1	Sales Income	182	-11.34	76675	0.63	18.0	
ENDTRNS	
TRNS	INVOICE	12/22/2020	Truck: 154cadlac	Accounts Receivable	154	0	76676	
SPL	INVOICE	12/22/2020	H2	Sales Income	154	0.0	76676	0.18	0.0	
ENDTRNS	
TRNS	INVOICE	12/22/2020	Truck: 1921-C	Accounts Receivable	162	0	76677	
SPL	INVOICE	12/22/2020	H-2	Sales Income	162	0.0	76677	4.71	0.0	
ENDTRNS	
TRNS	INVOICE	12/22/2020	Truck: 154rails	Accounts Receivable	154	0	76678	
SPL	INVOICE	12/22/2020	H2	Sales Income	154	0.0	76678	0.13	0.0	
ENDTRNS	
TRNS	INVOICE	12/19/2020	Truck: 182oak	Accounts Receivable	182	218.42	76540	
SPL	INVOICE	12/19/2020	DC	Sales Income	182	-218.42	76540	4.79	45.6	
ENDTRNS	
TRNS	INVOICE	12/19/2020	Truck: 154mc	Accounts Receivable	154	0	76541	
SPL	INVOICE	12/19/2020	I-2	Sales Income	154	0.0	76541	0.73	0.0	
ENDTRNS	
TRNS	INVOICE	12/19/2020	Truck: 154ram	Accounts Receivable	154	0	76542	
SPL	INVOICE	12/19/2020	H2	Sales Income	154	0.0	76542	0.03	0.0	
ENDTRNS	
TRNS	INVOICE	12/19/2020	Truck: 154jeep	Accounts Receivable	154	0	76543	
SPL	INVOICE	12/19/2020	H2	Sales Income	154	0.0	76543	0.53	0.0	
ENDTRNS	
TRNS	INVOICE	12/19/2020	Truck: 1544x4	Accounts Receivable	154	0	76544	
SPL	INVOICE	12/19/2020	H2	Sales Income	154	0.0	76544	0.06	0.0	
ENDTRNS	
TRNS	INVOICE	12/19/2020	Truck: 154tun	Accounts Receivable	154	0	76545	
SPL	INVOICE	12/19/2020	H2	Sales Income	154	0.0	76545	0.14	0.0	
ENDTRNS	
TRNS	INVOICE	12/19/2020	Truck: 182troup	Accounts Receivable	182	6.38	76546	
SPL	INVOICE	12/19/2020	H1	Sales Income	182	-6.38	76546	0.14	45.57	
ENDTRNS	
TRNS	INVOICE	12/19/2020	Truck: 154bf	Accounts Receivable	154	0	76547	
SPL	INVOICE	12/19/2020	H2	Sales Income	154	0.0	76547	0.09	0.0	
ENDTRNS	
TRNS	INVOICE	12/19/2020	Truck: 154tac	Accounts Receivable	154	0	76548	
SPL	INVOICE	12/19/2020	H2	Sales Income	154	0.0	76548	0.07	0.0	
ENDTRNS	
TRNS	INVOICE	12/19/2020	Truck: 182oak	Accounts Receivable	182	210.67	76549	
SPL	INVOICE	12/19/2020	H1	Sales Income	182	-210.67	76549	4.62	45.6	
ENDTRNS	
TRNS	INVOICE	12/19/2020	Truck: 154honds	Accounts Receivable	154	0	76550	
SPL	INVOICE	12/19/2020	H2	Sales Income	154	0.0	76550	0.18	0.0	
ENDTRNS	
TRNS	INVOICE	12/19/2020	Truck: 154red	Accounts Receivable	154	0	76551	
SPL	INVOICE	12/19/2020	H2	Sales Income	154	0.0	76551	0.32	0.0	
ENDTRNS	
TRNS	INVOICE	12/19/2020	Truck: 154s10	Accounts Receivable	154	0	76552	
SPL	INVOICE	12/19/2020	H2	Sales Income	154	0.0	76552	0.15	0.0	
ENDTRNS	
TRNS	INVOICE	12/19/2020	Truck: 154mike	Accounts Receivable	154	0	76553	
SPL	INVOICE	12/19/2020	I-2	Sales Income	154	0.0	76553	0.49	0.0	
ENDTRNS	
TRNS	INVOICE	12/19/2020	Truck: 154wram	Accounts Receivable	154	0	76554	
SPL	INVOICE	12/19/2020	H2	Sales Income	154	0.0	76554	0.08	0.0	
ENDTRNS	
TRNS	INVOICE	12/19/2020	Truck: 154bch	Accounts Receivable	154	0	76555	
SPL	INVOICE	12/19/2020	H2	Sales Income	154	0.0	76555	0.46	0.0	
ENDTRNS	
TRNS	INVOICE	12/19/2020	Truck: 154red	Accounts Receivable	154	0	76556	
SPL	INVOICE	12/19/2020	H2	Sales Income	154	0.0	76556	0.28	0.0	
ENDTRNS	
TRNS	INVOICE	12/19/2020	Truck: 154tac	Accounts Receivable	154	0	76557	
SPL	INVOICE	12/19/2020	H2	Sales Income	154	0.0	76557	0.3	0.0	
ENDTRNS	
TRNS	INVOICE	12/22/2020	Truck: 1903	Accounts Receivable	162	0	76697	
SPL	INVOICE	12/22/2020	H-2	Sales Income	162	0.0	76697	9.42	0.0	
ENDTRNS	
TRNS	INVOICE	12/22/2020	Truck: 154	Accounts Receivable	154	0	76698	
SPL	INVOICE	12/22/2020	H-2	Sales Income	154	0.0	76698	1.27	0.0	
ENDTRNS	
TRNS	INVOICE	12/22/2020	Truck: 154f250w	Accounts Receivable	154	0	76699	
SPL	INVOICE	12/22/2020	H2	Sales Income	154	0.0	76699	0.24	0.0	
ENDTRNS	
TRNS	INVOICE	12/22/2020	Truck: 154wz71	Accounts Receivable	154	0	76700	
SPL	INVOICE	12/22/2020	H2	Sales Income	154	0.0	76700	0.15	0.0	
ENDTRNS	
TRNS	INVOICE	12/22/2020	Truck: 154red	Accounts Receivable	154	0	76701	
SPL	INVOICE	12/22/2020	H2	Sales Income	154	0.0	76701	0.6	0.0	
ENDTRNS	
TRNS	INVOICE	12/22/2020	Truck: 1906	Accounts Receivable	162	0	76702	
SPL	INVOICE	12/22/2020	H-2	Sales Income	162	0.0	76702	10.23	0.0	
ENDTRNS	
TRNS	INVOICE	12/22/2020	Truck: 154wsvuch	Accounts Receivable	154	0	76703	
SPL	INVOICE	12/22/2020	H2	Sales Income	154	0.0	76703	0.22	0.0	
ENDTRNS	
TRNS	INVOICE	12/22/2020	Truck: 125wtoy	Accounts Receivable	154	0	76704	
SPL	INVOICE	12/22/2020	H2	Sales Income	154	0.0	76704	0.06	0.0	
ENDTRNS	
TRNS	INVOICE	12/22/2020	Truck: 154taho	Accounts Receivable	154	0	76705	
SPL	INVOICE	12/22/2020	I-2	Sales Income	154	0.0	76705	2.33	0.0	
ENDTRNS	
TRNS	INVOICE	12/22/2020	Truck: 154whtch	Accounts Receivable	154	0	76706	
SPL	INVOICE	12/22/2020	I-2	Sales Income	154	0.0	76706	0.56	0.0	
ENDTRNS	
TRNS	INVOICE	12/22/2020	Truck: 154blktund	Accounts Receivable	154	0	76707	
SPL	INVOICE	12/22/2020	H2	Sales Income	154	0.0	76707	1.11	0.0	
ENDTRNS	
TRNS	INVOICE	12/22/2020	Truck: 154	Accounts Receivable	154	0	76708	
SPL	INVOICE	12/22/2020	H-2	Sales Income	154	0.0	76708	0.58	0.0	
ENDTRNS	
TRNS	INVOICE	12/22/2020	Truck: 154bluetun	Accounts Receivable	154	0	76709	
SPL	INVOICE	12/22/2020	I-2	Sales Income	154	0.0	76709	0.45	0.0	
ENDTRNS	
TRNS	INVOICE	12/22/2020	Truck: 154oldf150	Accounts Receivable	154	0	76710	
SPL	INVOICE	12/22/2020	H2	Sales Income	154	0.0	76710	0.05	0.0	
ENDTRNS	
TRNS	INVOICE	12/22/2020	Truck: 154wch	Accounts Receivable	154	0	76711	
SPL	INVOICE	12/22/2020	H2	Sales Income	154	0.0	76711	0.13	0.0	
ENDTRNS	
TRNS	INVOICE	12/23/2020	Truck: 1706comp	Accounts Receivable	240	140.45	76712	
SPL	INVOICE	12/23/2020	H1	Sales Income	240	-140.45	76712	3.08	45.6	
ENDTRNS	
TRNS	INVOICE	12/23/2020	Truck: 1134	Accounts Receivable	173	0	76713	
SPL	INVOICE	12/23/2020	H-3	Sales Income	173	0.0	76713	26.52	0.0	
ENDTRNS	
TRNS	INVOICE	12/23/2020	Truck: 154	Accounts Receivable	154	0	76714	
SPL	INVOICE	12/23/2020	I-2	Sales Income	154	0.0	76714	2.28	0.0	
ENDTRNS	
TRNS	INVOICE	12/19/2020	Truck: 154z71	Accounts Receivable	154	0	76558	
SPL	INVOICE	12/19/2020	H2	Sales Income	154	0.0	76558	0.17	0.0	
ENDTRNS	
TRNS	INVOICE	12/19/2020	Truck: 154redsil	Accounts Receivable	154	0	76559	
SPL	INVOICE	12/19/2020	I-2	Sales Income	154	0.0	76559	1.18	0.0	
ENDTRNS	
TRNS	INVOICE	12/19/2020	Truck: 154blutac	Accounts Receivable	154	0	76560	
SPL	INVOICE	12/19/2020	I-2	Sales Income	154	0.0	76560	1.16	0.0	
ENDTRNS	
TRNS	INVOICE	12/19/2020	Truck: 1544x4	Accounts Receivable	154	0	76561	
SPL	INVOICE	12/19/2020	I-2	Sales Income	154	0.0	76561	0.14	0.0	
ENDTRNS	
TRNS	INVOICE	12/19/2020	Truck: 154sil	Accounts Receivable	154	0	76562	
SPL	INVOICE	12/19/2020	H2	Sales Income	154	0.0	76562	0.14	0.0	
ENDTRNS	
TRNS	INVOICE	12/19/2020	Truck: 154tun	Accounts Receivable	154	0	76563	
SPL	INVOICE	12/19/2020	I-2	Sales Income	154	0.0	76563	0.28	0.0	
ENDTRNS	
TRNS	INVOICE	12/19/2020	Truck: 154van	Accounts Receivable	154	0	76564	
SPL	INVOICE	12/19/2020	H2	Sales Income	154	0.0	76564	0.11	0.0	
ENDTRNS	
TRNS	INVOICE	12/19/2020	Truck: 154r3500	Accounts Receivable	154	0	76565	
SPL	INVOICE	12/19/2020	I-2	Sales Income	154	0.0	76565	0.78	0.0	
ENDTRNS	
TRNS	INVOICE	12/19/2020	Truck: 182blk	Accounts Receivable	182	32.83	76566	
SPL	INVOICE	12/19/2020	DC	Sales Income	182	-32.83	76566	0.72	45.6	
ENDTRNS	
TRNS	INVOICE	12/19/2020	Truck: 182	Accounts Receivable	182	162.34	76567	
SPL	INVOICE	12/19/2020	DC	Sales Income	182	-162.34	76567	3.56	45.6	
ENDTRNS	
TRNS	INVOICE	12/19/2020	Truck: 154sr5	Accounts Receivable	154	0	76568	
SPL	INVOICE	12/19/2020	H2	Sales Income	154	0.0	76568	0.03	0.0	
ENDTRNS	
TRNS	INVOICE	12/21/2020	Truck: 154red	Accounts Receivable	154	0	76594	
SPL	INVOICE	12/21/2020	H2	Sales Income	154	0.0	76594	0.21	0.0	
ENDTRNS	
TRNS	INVOICE	12/21/2020	Truck: 154s10	Accounts Receivable	154	0	76595	
SPL	INVOICE	12/21/2020	H2	Sales Income	154	0.0	76595	0.01	0.0	
ENDTRNS	
TRNS	INVOICE	12/21/2020	Truck: 182	Accounts Receivable	182	63.84	76596	
SPL	INVOICE	12/21/2020	DC	Sales Income	182	-63.84	76596	1.4	45.6	
ENDTRNS	
TRNS	INVOICE	12/21/2020	Truck: 154olch	Accounts Receivable	154	0	76597	
SPL	INVOICE	12/21/2020	H2	Sales Income	154	0.0	76597	0.04	0.0	
ENDTRNS	
TRNS	INVOICE	12/21/2020	Truck: 154blk	Accounts Receivable	154	0	76598	
SPL	INVOICE	12/21/2020	H2	Sales Income	154	0.0	76598	0.06	0.0	
ENDTRNS	
TRNS	INVOICE	12/21/2020	Truck: 154duel4x4	Accounts Receivable	154	0	76599	
SPL	INVOICE	12/21/2020	H2	Sales Income	154	0.0	76599	0.16	0.0	
ENDTRNS	
TRNS	INVOICE	12/21/2020	Truck: 1891	Accounts Receivable	173	0	76600	
SPL	INVOICE	12/21/2020	H-3	Sales Income	173	0.0	76600	23.99	0.0	
ENDTRNS	
TRNS	INVOICE	12/23/2020	Truck: 1905	Accounts Receivable	162	0	76761	
SPL	INVOICE	12/23/2020	H-2	Sales Income	162	0.0	76761	6.39	0.0	
ENDTRNS	
TRNS	INVOICE	12/23/2020	Truck: 154blu	Accounts Receivable	182	30.55	76762	
SPL	INVOICE	12/23/2020	DC	Sales Income	182	-30.55	76762	0.67	45.6	
ENDTRNS	
TRNS	INVOICE	12/23/2020	Truck: 1904	Accounts Receivable	162	0	76763	
SPL	INVOICE	12/23/2020	H-2	Sales Income	162	0.0	76763	1.84	0.0	
ENDTRNS	
TRNS	INVOICE	12/23/2020	Truck: 154ford	Accounts Receivable	154	0	76764	
SPL	INVOICE	12/23/2020	H2	Sales Income	154	0.0	76764	0.07	0.0	
ENDTRNS	
TRNS	INVOICE	12/23/2020	Truck: 1611	Accounts Receivable	164	0	76765	
SPL	INVOICE	12/23/2020	H-2	Sales Income	164	0.0	76765	0.04	0.0	
ENDTRNS	
TRNS	INVOICE	12/23/2020	Truck: 1902	Accounts Receivable	162	0	76766	
SPL	INVOICE	12/23/2020	H-2	Sales Income	162	0.0	76766	7.08	0.0	
ENDTRNS	
TRNS	INVOICE	12/23/2020	Truck: 154tac	Accounts Receivable	154	0	76767	
SPL	INVOICE	12/23/2020	H2	Sales Income	154	0.0	76767	0.09	0.0	
ENDTRNS	
TRNS	INVOICE	12/23/2020	Truck: 1906	Accounts Receivable	162	0	76768	
SPL	INVOICE	12/23/2020	H-2	Sales Income	162	0.0	76768	9.03	0.0	
ENDTRNS	
TRNS	INVOICE	12/23/2020	Truck: 1903	Accounts Receivable	162	0	76769	
SPL	INVOICE	12/23/2020	H-2	Sales Income	162	0.0	76769	9.19	0.0	
ENDTRNS	
TRNS	INVOICE	12/23/2020	Truck: 154shi	Accounts Receivable	154	0	76770	
SPL	INVOICE	12/23/2020	H2	Sales Income	154	0.0	76770	0.13	0.0	
ENDTRNS	
TRNS	INVOICE	12/23/2020	Truck: 154tahoe	Accounts Receivable	154	0	76771	
SPL	INVOICE	12/23/2020	I-2	Sales Income	154	0.0	76771	0.89	0.0	
ENDTRNS	
TRNS	INVOICE	12/23/2020	Truck: 154tac	Accounts Receivable	154	0	76772	
SPL	INVOICE	12/23/2020	H2	Sales Income	154	0.0	76772	0.07	0.0	
ENDTRNS	
TRNS	INVOICE	12/23/2020	Truck: 154jpy	Accounts Receivable	154	0	76773	
SPL	INVOICE	12/23/2020	H2	Sales Income	154	0.0	76773	0.07	0.0	
ENDTRNS	
TRNS	INVOICE	12/23/2020	Truck: 1254vca	Accounts Receivable	154	0	76774	
SPL	INVOICE	12/23/2020	H2	Sales Income	154	0.0	76774	0.36	0.0	
ENDTRNS	
TRNS	INVOICE	12/23/2020	Truck: 154tac	Accounts Receivable	154	0	76775	
SPL	INVOICE	12/23/2020	H2	Sales Income	154	0.0	76775	0.08	0.0	
ENDTRNS	
TRNS	INVOICE	12/23/2020	Truck: 1134	Accounts Receivable	173	0	76776	
SPL	INVOICE	12/23/2020	H-3	Sales Income	173	0.0	76776	28.49	0.0	
ENDTRNS	
TRNS	INVOICE	12/23/2020	Truck: 154dod	Accounts Receivable	154	0	76777	
SPL	INVOICE	12/23/2020	H2	Sales Income	154	0.0	76777	0.05	0.0	
ENDTRNS	
TRNS	INVOICE	12/23/2020	Truck: 154tac	Accounts Receivable	154	0	76778	
SPL	INVOICE	12/23/2020	H2	Sales Income	154	0.0	76778	0.2	0.0	
ENDTRNS	
TRNS	INVOICE	12/26/2020	Truck: 154DISH	Accounts Receivable	154	0	76806	
SPL	INVOICE	12/26/2020	H2	Sales Income	154	0.0	76806	0.1	0.0	
ENDTRNS	
TRNS	INVOICE	12/26/2020	Truck: 154GREY	Accounts Receivable	154	0	76807	
SPL	INVOICE	12/26/2020	H2	Sales Income	154	0.0	76807	0.47	0.0	
ENDTRNS	
TRNS	INVOICE	12/26/2020	Truck: 1542MEN	Accounts Receivable	154	0	76808	
SPL	INVOICE	12/26/2020	H2	Sales Income	154	0.0	76808	0.04	0.0	
ENDTRNS	
TRNS	INVOICE	12/26/2020	Truck: 154GR	Accounts Receivable	154	0	76809	
SPL	INVOICE	12/26/2020	H2	Sales Income	154	0.0	76809	2.53	0.0	
ENDTRNS	
TRNS	INVOICE	12/26/2020	Truck: 1548	Accounts Receivable	154	0	76810	
SPL	INVOICE	12/26/2020	H2	Sales Income	154	0.0	76810	0.11	0.0	
ENDTRNS	
TRNS	INVOICE	12/26/2020	Truck: 154RAM	Accounts Receivable	154	0	76811	
SPL	INVOICE	12/26/2020	H2	Sales Income	154	0.0	76811	0.24	0.0	
ENDTRNS	
TRNS	INVOICE	12/26/2020	Truck: 1500154	Accounts Receivable	154	0	76812	
SPL	INVOICE	12/26/2020	H2	Sales Income	154	0.0	76812	0.15	0.0	
ENDTRNS	
TRNS	INVOICE	12/26/2020	Truck: TOY154	Accounts Receivable	154	0	76813	
SPL	INVOICE	12/26/2020	H2	Sales Income	154	0.0	76813	0.05	0.0	
ENDTRNS	
TRNS	INVOICE	12/26/2020	Truck: 34	Accounts Receivable	154	0	76814	
SPL	INVOICE	12/26/2020	H2	Sales Income	154	0.0	76814	0.13	0.0	
ENDTRNS	
TRNS	INVOICE	12/26/2020	Truck: 1547	Accounts Receivable	154	0	76815	
SPL	INVOICE	12/26/2020	H2	Sales Income	154	0.0	76815	4.17	0.0	
ENDTRNS	
TRNS	INVOICE	12/26/2020	Truck: 160154	Accounts Receivable	154	0	76816	
SPL	INVOICE	12/26/2020	H2	Sales Income	154	0.0	76816	1.42	0.0	
ENDTRNS	
TRNS	INVOICE	12/26/2020	Truck: DOG	Accounts Receivable	154	0	76817	
SPL	INVOICE	12/26/2020	H2	Sales Income	154	0.0	76817	0.04	0.0	
ENDTRNS	
TRNS	INVOICE	12/26/2020	Truck: GREE	Accounts Receivable	154	0	76818	
SPL	INVOICE	12/26/2020	H2	Sales Income	154	0.0	76818	0.74	0.0	
ENDTRNS	
TRNS	INVOICE	12/26/2020	Truck: 154RAM	Accounts Receivable	154	0	76819	
SPL	INVOICE	12/26/2020	H2	Sales Income	154	0.0	76819	0.17	0.0	
ENDTRNS	
TRNS	INVOICE	12/26/2020	Truck: 154SILVER	Accounts Receivable	154	0	76820	
SPL	INVOICE	12/26/2020	H2	Sales Income	154	0.0	76820	0.28	0.0	
ENDTRNS	
TRNS	INVOICE	12/26/2020	Truck: 4844154	Accounts Receivable	154	0	76821	
SPL	INVOICE	12/26/2020	H2	Sales Income	154	0.0	76821	0.22	0.0	
ENDTRNS	
TRNS	INVOICE	12/26/2020	Truck: JOE	Accounts Receivable	154	0	76822	
SPL	INVOICE	12/26/2020	H2	Sales Income	154	0.0	76822	0.14	0.0	
ENDTRNS	
TRNS	INVOICE	12/26/2020	Truck: Renee 2	Accounts Receivable	194	17.78	76823	
SPL	INVOICE	12/26/2020	H1	Sales Income	194	-17.78	76823	0.39	45.59	
ENDTRNS	
TRNS	INVOICE	12/26/2020	Truck: WHIT	Accounts Receivable	154	0	76824	
SPL	INVOICE	12/26/2020	H2	Sales Income	154	0.0	76824	0.17	0.0	
ENDTRNS	
TRNS	INVOICE	12/26/2020	Truck: 182ROWE	Accounts Receivable	154	48.79	76842	
SPL	INVOICE	12/26/2020	DC	Sales Income	154	-48.79	76842	1.07	45.6	
ENDTRNS	
TRNS	INVOICE	12/28/2020	Truck: 154JEEP	Accounts Receivable	154	0	76843	
SPL	INVOICE	12/28/2020	H2	Sales Income	154	0.0	76843	0.45	0.0	
ENDTRNS	
TRNS	INVOICE	12/28/2020	Truck: 1706comp	Accounts Receivable	240	130.87	76844	
SPL	INVOICE	12/28/2020	H1	Sales Income	240	-130.87	76844	2.87	45.6	
ENDTRNS	
TRNS	INVOICE	12/28/2020	Truck: 1891	Accounts Receivable	173	0	76845	
SPL	INVOICE	12/28/2020	H-3	Sales Income	173	0.0	76845	20.88	0.0	
ENDTRNS	
TRNS	INVOICE	12/28/2020	Truck: 154	Accounts Receivable	154	0	76846	
SPL	INVOICE	12/28/2020	W-1 (White Goods )	Sales Income	154	0.0	76846	0.11	0.0	
ENDTRNS	
TRNS	INVOICE	12/28/2020	Truck: 1542ram	Accounts Receivable	154	0	76847	
SPL	INVOICE	12/28/2020	H2	Sales Income	154	0.0	76847	0.14	0.0	
ENDTRNS	
TRNS	INVOICE	12/28/2020	Truck: 1543	Accounts Receivable	154	0	76848	
SPL	INVOICE	12/28/2020	H2	Sales Income	154	0.0	76848	0.03	0.0	
ENDTRNS	
TRNS	INVOICE	12/28/2020	Truck: davis	Accounts Receivable	182	29.64	76849	
SPL	INVOICE	12/28/2020	DC	Sales Income	182	-29.64	76849	0.65	45.6	
ENDTRNS	
TRNS	INVOICE	12/28/2020	Truck: 154	Accounts Receivable	154	0	76850	
SPL	INVOICE	12/28/2020	H-2	Sales Income	154	0.0	76850	0.12	0.0	
ENDTRNS	
TRNS	INVOICE	12/28/2020	Truck: 154	Accounts Receivable	154	0	76851	
SPL	INVOICE	12/28/2020	H-2	Sales Income	154	0.0	76851	0.09	0.0	
ENDTRNS	
TRNS	INVOICE	12/28/2020	Truck: Carslie	Accounts Receivable	120	114.46	76852	
SPL	INVOICE	12/28/2020	DC	Sales Income	120	-114.46	76852	2.51	45.6	
ENDTRNS	
TRNS	INVOICE	12/28/2020	Truck: 182	Accounts Receivable	182	11.4	76853	
SPL	INVOICE	12/28/2020	DC	Sales Income	182	-11.4	76853	0.25	45.6	
ENDTRNS	
TRNS	INVOICE	12/28/2020	Truck: 400154	Accounts Receivable	154	0	76854	
SPL	INVOICE	12/28/2020	H2	Sales Income	154	0.0	76854	0.1	0.0	
ENDTRNS	
TRNS	INVOICE	12/28/2020	Truck: 154long	Accounts Receivable	154	0	76855	
SPL	INVOICE	12/28/2020	H2	Sales Income	154	0.0	76855	1.71	0.0	
ENDTRNS	
TRNS	INVOICE	12/28/2020	Truck: 1921-C	Accounts Receivable	162	0	76856	
SPL	INVOICE	12/28/2020	H-2	Sales Income	162	0.0	76856	5.22	0.0	
ENDTRNS	
TRNS	INVOICE	12/28/2020	Truck: 154	Accounts Receivable	154	0	76857	
SPL	INVOICE	12/28/2020	I-2	Sales Income	154	0.0	76857	0.1	0.0	
ENDTRNS	
TRNS	INVOICE	12/28/2020	Truck: 154slow	Accounts Receivable	154	0	76858	
SPL	INVOICE	12/28/2020	H2	Sales Income	154	0.0	76858	0.08	0.0	
ENDTRNS	
TRNS	INVOICE	12/28/2020	Truck: 154buff	Accounts Receivable	154	0	76859	
SPL	INVOICE	12/28/2020	H2	Sales Income	154	0.0	76859	2.3	0.0	
ENDTRNS	
TRNS	INVOICE	12/28/2020	Truck: 182	Accounts Receivable	182	180.58	76872	
SPL	INVOICE	12/28/2020	DC	Sales Income	182	-180.58	76872	3.96	45.6	
ENDTRNS	
TRNS	INVOICE	12/28/2020	Truck: 15484	Accounts Receivable	182	46.51	76873	
SPL	INVOICE	12/28/2020	DC	Sales Income	182	-46.51	76873	1.02	45.6	
ENDTRNS	
TRNS	INVOICE	12/28/2020	Truck: 154	Accounts Receivable	154	0	76874	
SPL	INVOICE	12/28/2020	H-2	Sales Income	154	0.0	76874	0.05	0.0	
ENDTRNS	
TRNS	INVOICE	12/28/2020	Truck: 1923	Accounts Receivable	162	0	76875	
SPL	INVOICE	12/28/2020	H-2	Sales Income	162	0.0	76875	6.3	0.0	
ENDTRNS	
TRNS	INVOICE	12/28/2020	Truck: 1906	Accounts Receivable	162	0	76876	
SPL	INVOICE	12/28/2020	H-2	Sales Income	162	0.0	76876	5.99	0.0	
ENDTRNS	
TRNS	INVOICE	12/28/2020	Truck: 182	Accounts Receivable	182	7.75	76877	
SPL	INVOICE	12/28/2020	DC	Sales Income	182	-7.75	76877	0.17	45.59	
ENDTRNS	
TRNS	INVOICE	12/28/2020	Truck: 1903	Accounts Receivable	162	0	76878	
SPL	INVOICE	12/28/2020	H-2	Sales Income	162	0.0	76878	6.26	0.0	
ENDTRNS	
TRNS	INVOICE	12/28/2020	Truck: 154blu	Accounts Receivable	154	0	76879	
SPL	INVOICE	12/28/2020	H2	Sales Income	154	0.0	76879	0.14	0.0	
ENDTRNS	
TRNS	INVOICE	12/28/2020	Truck: 154jeep	Accounts Receivable	154	0	76880	
SPL	INVOICE	12/28/2020	H2	Sales Income	154	0.0	76880	0.1	0.0	
ENDTRNS	
TRNS	INVOICE	12/28/2020	Truck: 1905	Accounts Receivable	162	0	76881	
SPL	INVOICE	12/28/2020	H-2	Sales Income	162	0.0	76881	9.05	0.0	
ENDTRNS	
TRNS	INVOICE	12/28/2020	Truck: 154long	Accounts Receivable	154	0	76882	
SPL	INVOICE	12/28/2020	H2	Sales Income	154	0.0	76882	1.04	0.0	
ENDTRNS	
TRNS	INVOICE	12/28/2020	Truck: 154red	Accounts Receivable	154	0	76883	
SPL	INVOICE	12/28/2020	H2	Sales Income	154	0.0	76883	0.08	0.0	
ENDTRNS	
TRNS	INVOICE	12/28/2020	Truck: 154burg	Accounts Receivable	154	0	76884	
SPL	INVOICE	12/28/2020	H2	Sales Income	154	0.0	76884	1.6	0.0	
ENDTRNS	
TRNS	INVOICE	12/28/2020	Truck: 154gre	Accounts Receivable	154	0	76885	
SPL	INVOICE	12/28/2020	H2	Sales Income	154	0.0	76885	0.06	0.0	
ENDTRNS	
TRNS	INVOICE	12/28/2020	Truck: 182	Accounts Receivable	182	8.21	76886	
SPL	INVOICE	12/28/2020	DC	Sales Income	182	-8.21	76886	0.18	45.61	
ENDTRNS	
TRNS	INVOICE	12/28/2020	Truck: Ram	Accounts Receivable	154	0	76887	
SPL	INVOICE	12/28/2020	H2	Sales Income	154	0.0	76887	0.12	0.0	
ENDTRNS	
TRNS	INVOICE	12/28/2020	Truck: 1920	Accounts Receivable	162	0	76888	
SPL	INVOICE	12/28/2020	H-2	Sales Income	162	0.0	76888	7.88	0.0	
ENDTRNS	
TRNS	INVOICE	12/28/2020	Truck: 154silver	Accounts Receivable	154	0	76889	
SPL	INVOICE	12/28/2020	H2	Sales Income	154	0.0	76889	0.08	0.0	
ENDTRNS	
TRNS	INVOICE	12/28/2020	Truck: 1547	Accounts Receivable	154	0	76890	
SPL	INVOICE	12/28/2020	H2	Sales Income	154	0.0	76890	3.17	0.0	
ENDTRNS	
TRNS	INVOICE	12/28/2020	Truck: 1916	Accounts Receivable	162	0	76891	
SPL	INVOICE	12/28/2020	H-2	Sales Income	162	0.0	76891	7.17	0.0	
ENDTRNS	
TRNS	INVOICE	12/28/2020	Truck: 1546	Accounts Receivable	154	0	76892	
SPL	INVOICE	12/28/2020	H2	Sales Income	154	0.0	76892	0.04	0.0	
ENDTRNS	
TRNS	INVOICE	12/28/2020	Truck: 154blu	Accounts Receivable	154	0	76893	
SPL	INVOICE	12/28/2020	H2	Sales Income	154	0.0	76893	0.07	0.0	
ENDTRNS	
TRNS	INVOICE	12/28/2020	Truck: 451toy	Accounts Receivable	154	0	76894	
SPL	INVOICE	12/28/2020	I-2	Sales Income	154	0.0	76894	1.46	0.0	
ENDTRNS	
TRNS	INVOICE	12/28/2020	Truck: 182	Accounts Receivable	182	5.93	76895	
SPL	INVOICE	12/28/2020	DC	Sales Income	182	-5.93	76895	0.13	45.62	
ENDTRNS	
TRNS	INVOICE	12/28/2020	Truck: 1547	Accounts Receivable	154	0	76896	
SPL	INVOICE	12/28/2020	H2	Sales Income	154	0.0	76896	0.56	0.0	
ENDTRNS	
TRNS	INVOICE	12/28/2020	Truck: 1891	Accounts Receivable	173	0	76897	
SPL	INVOICE	12/28/2020	H-3	Sales Income	173	0.0	76897	21.48	0.0	
ENDTRNS	
TRNS	INVOICE	12/28/2020	Truck: monto	Accounts Receivable	154	0	76898	
SPL	INVOICE	12/28/2020	H2	Sales Income	154	0.0	76898	0.53	0.0	
ENDTRNS	
TRNS	INVOICE	12/28/2020	Truck: 1902	Accounts Receivable	162	0	76899	
SPL	INVOICE	12/28/2020	H-2	Sales Income	162	0.0	76899	11.56	0.0	
ENDTRNS	
TRNS	INVOICE	12/28/2020	Truck: 154burg	Accounts Receivable	154	0	76900	
SPL	INVOICE	12/28/2020	H2	Sales Income	154	0.0	76900	0.08	0.0	
ENDTRNS	
TRNS	INVOICE	12/28/2020	Truck: Sweetbay	Accounts Receivable	154	0	76901	
SPL	INVOICE	12/28/2020	H2	Sales Income	154	0.0	76901	0.25	0.0	
ENDTRNS	
TRNS	INVOICE	12/28/2020	Truck: Car	Accounts Receivable	154	0	76902	
SPL	INVOICE	12/28/2020	H2	Sales Income	154	0.0	76902	0.01	0.0	
ENDTRNS	
TRNS	INVOICE	12/28/2020	Truck: 154whit	Accounts Receivable	154	0	76903	
SPL	INVOICE	12/28/2020	H2	Sales Income	154	0.0	76903	0.17	0.0	
ENDTRNS	
TRNS	INVOICE	12/28/2020	Truck: Sanchez	Accounts Receivable	154	0	76904	
SPL	INVOICE	12/28/2020	I-2	Sales Income	154	0.0	76904	1.55	0.0	
ENDTRNS	
TRNS	INVOICE	12/28/2020	Truck: Car	Accounts Receivable	154	0	76905	
SPL	INVOICE	12/28/2020	H2	Sales Income	154	0.0	76905	0.09	0.0	
ENDTRNS	
TRNS	INVOICE	12/28/2020	Truck: jeep	Accounts Receivable	154	0	76906	
SPL	INVOICE	12/28/2020	H2	Sales Income	154	0.0	76906	0.35	0.0	
ENDTRNS	
TRNS	INVOICE	12/28/2020	Truck: 238	Accounts Receivable	238	32.83	76907	
SPL	INVOICE	12/28/2020	DC	Sales Income	238	-32.83	76907	0.72	45.6	
ENDTRNS	
TRNS	INVOICE	12/21/2020	Truck: 182duel	Accounts Receivable	182	16.87	76601	
SPL	INVOICE	12/21/2020	DC	Sales Income	182	-16.87	76601	0.37	45.59	
ENDTRNS	
TRNS	INVOICE	12/21/2020	Truck: 1921-O	Accounts Receivable	162	0	76602	
SPL	INVOICE	12/21/2020	H-2	Sales Income	162	0.0	76602	1.87	0.0	
ENDTRNS	
TRNS	INVOICE	12/21/2020	Truck: 1904	Accounts Receivable	162	0	76603	
SPL	INVOICE	12/21/2020	H-2	Sales Income	162	0.0	76603	5.07	0.0	
ENDTRNS	
TRNS	INVOICE	12/21/2020	Truck: 182white	Accounts Receivable	182	11.4	76604	
SPL	INVOICE	12/21/2020	DC	Sales Income	182	-11.4	76604	0.25	45.6	
ENDTRNS	
TRNS	INVOICE	12/21/2020	Truck: 182sil	Accounts Receivable	182	8.21	76605	
SPL	INVOICE	12/21/2020	DC	Sales Income	182	-8.21	76605	0.18	45.61	
ENDTRNS	
TRNS	INVOICE	12/23/2020	Truck: 182	Accounts Receivable	182	13.22	76715	
SPL	INVOICE	12/23/2020	DC	Sales Income	182	-13.22	76715	0.29	45.59	
ENDTRNS	
TRNS	INVOICE	12/23/2020	Truck: 154	Accounts Receivable	154	0	76716	
SPL	INVOICE	12/23/2020	H-2	Sales Income	154	0.0	76716	1.29	0.0	
ENDTRNS	
TRNS	INVOICE	12/23/2020	Truck: 182wild	Accounts Receivable	182	11.86	76717	
SPL	INVOICE	12/23/2020	DC	Sales Income	182	-11.86	76717	0.26	45.62	
ENDTRNS	
TRNS	INVOICE	12/23/2020	Truck: 1542	Accounts Receivable	154	0	76718	
SPL	INVOICE	12/23/2020	H2	Sales Income	154	0.0	76718	0.05	0.0	
ENDTRNS	
TRNS	INVOICE	12/23/2020	Truck: 1543	Accounts Receivable	154	0	76719	
SPL	INVOICE	12/23/2020	H2	Sales Income	154	0.0	76719	0.08	0.0	
ENDTRNS	
TRNS	INVOICE	12/23/2020	Truck: 1544	Accounts Receivable	154	0	76720	
SPL	INVOICE	12/23/2020	H2	Sales Income	154	0.0	76720	0.15	0.0	
ENDTRNS	
TRNS	INVOICE	12/23/2020	Truck: Red154	Accounts Receivable	154	0	76721	
SPL	INVOICE	12/23/2020	H2	Sales Income	154	0.0	76721	0.15	0.0	
ENDTRNS	
TRNS	INVOICE	12/23/2020	Truck: brug	Accounts Receivable	154	0	76722	
SPL	INVOICE	12/23/2020	I-2	Sales Income	154	0.0	76722	0.18	0.0	
ENDTRNS	
TRNS	INVOICE	12/23/2020	Truck: 154boxes	Accounts Receivable	154	0	76723	
SPL	INVOICE	12/23/2020	H2	Sales Income	154	0.0	76723	0.08	0.0	
ENDTRNS	
TRNS	INVOICE	12/23/2020	Truck: 1706comp	Accounts Receivable	240	15.5	76724	
SPL	INVOICE	12/23/2020	H1	Sales Income	240	-15.5	76724	0.34	45.59	
ENDTRNS	
TRNS	INVOICE	12/23/2020	Truck: Red2	Accounts Receivable	154	0	76725	
SPL	INVOICE	12/23/2020	H2	Sales Income	154	0.0	76725	0.02	0.0	
ENDTRNS	
TRNS	INVOICE	12/23/2020	Truck: 154z	Accounts Receivable	154	0	76726	
SPL	INVOICE	12/23/2020	H2	Sales Income	154	0.0	76726	0.21	0.0	
ENDTRNS	
TRNS	INVOICE	12/23/2020	Truck: 154mdod	Accounts Receivable	154	0	76727	
SPL	INVOICE	12/23/2020	H2	Sales Income	154	0.0	76727	0.16	0.0	
ENDTRNS	
TRNS	INVOICE	12/29/2020	Truck: 182redram	Accounts Receivable	182	8.21	76928	
SPL	INVOICE	12/29/2020	DC	Sales Income	182	-8.21	76928	0.18	45.61	
ENDTRNS	
TRNS	INVOICE	12/29/2020	Truck: 154	Accounts Receivable	154	0	76929	
SPL	INVOICE	12/29/2020	H-2	Sales Income	154	0.0	76929	0.98	0.0	
ENDTRNS	
TRNS	INVOICE	12/29/2020	Truck: 94	Accounts Receivable	154	0	76930	
SPL	INVOICE	12/29/2020	H2	Sales Income	154	0.0	76930	0.28	0.0	
ENDTRNS	
TRNS	INVOICE	12/29/2020	Truck: 1542	Accounts Receivable	154	0	76931	
SPL	INVOICE	12/29/2020	H2	Sales Income	154	0.0	76931	0.02	0.0	
ENDTRNS	
TRNS	INVOICE	12/29/2020	Truck: 456	Accounts Receivable	456	8.21	76932	
SPL	INVOICE	12/29/2020	H1	Sales Income	456	-8.21	76932	0.18	45.61	
ENDTRNS	
TRNS	INVOICE	12/29/2020	Truck: 1903	Accounts Receivable	162	0	76933	
SPL	INVOICE	12/29/2020	H-2	Sales Income	162	0.0	76933	3.86	0.0	
ENDTRNS	
TRNS	INVOICE	12/29/2020	Truck: 69154	Accounts Receivable	154	0	76934	
SPL	INVOICE	12/29/2020	H2	Sales Income	154	0.0	76934	0.24	0.0	
ENDTRNS	
TRNS	INVOICE	12/29/2020	Truck: 154	Accounts Receivable	154	0	76935	
SPL	INVOICE	12/29/2020	I-2	Sales Income	154	0.0	76935	0.12	0.0	
ENDTRNS	
TRNS	INVOICE	12/29/2020	Truck: 154	Accounts Receivable	154	0	76936	
SPL	INVOICE	12/29/2020	H-2	Sales Income	154	0.0	76936	0.35	0.0	
ENDTRNS	
TRNS	INVOICE	12/29/2020	Truck: 182red	Accounts Receivable	182	13.22	76937	
SPL	INVOICE	12/29/2020	DC	Sales Income	182	-13.22	76937	0.29	45.59	
ENDTRNS	
TRNS	INVOICE	12/29/2020	Truck: 820154	Accounts Receivable	154	0	76938	
SPL	INVOICE	12/29/2020	H2	Sales Income	154	0.0	76938	0.05	0.0	
ENDTRNS	
TRNS	INVOICE	12/29/2020	Truck: 182dog	Accounts Receivable	182	14.14	76939	
SPL	INVOICE	12/29/2020	DC	Sales Income	182	-14.14	76939	0.31	45.61	
ENDTRNS	
TRNS	INVOICE	12/29/2020	Truck: 1923	Accounts Receivable	162	0	76940	
SPL	INVOICE	12/29/2020	H-2	Sales Income	162	0.0	76940	5.28	0.0	
ENDTRNS	
TRNS	INVOICE	12/29/2020	Truck: 1906	Accounts Receivable	162	0	76941	
SPL	INVOICE	12/29/2020	H-2	Sales Income	162	0.0	76941	4.89	0.0	
ENDTRNS	
TRNS	INVOICE	12/29/2020	Truck: 154	Accounts Receivable	154	0	76942	
SPL	INVOICE	12/29/2020	H-2	Sales Income	154	0.0	76942	0.11	0.0	
ENDTRNS	
TRNS	INVOICE	12/29/2020	Truck: 182	Accounts Receivable	182	12.77	76943	
SPL	INVOICE	12/29/2020	DC	Sales Income	182	-12.77	76943	0.28	45.61	
ENDTRNS	
TRNS	INVOICE	12/29/2020	Truck: uhaul	Accounts Receivable	154	0	76944	
SPL	INVOICE	12/29/2020	H2	Sales Income	154	0.0	76944	0.59	0.0	
ENDTRNS	
TRNS	INVOICE	12/29/2020	Truck: Warmsp	Accounts Receivable	154	0	76945	
SPL	INVOICE	12/29/2020	H2	Sales Income	154	0.0	76945	0.19	0.0	
ENDTRNS	
TRNS	INVOICE	12/29/2020	Truck: uhaul2	Accounts Receivable	154	0	76946	
SPL	INVOICE	12/29/2020	H2	Sales Income	154	0.0	76946	0.11	0.0	
ENDTRNS	
TRNS	INVOICE	12/23/2020	Truck: 182oak	Accounts Receivable	182	23.26	76728	
SPL	INVOICE	12/23/2020	DC	Sales Income	182	-23.26	76728	0.51	45.61	
ENDTRNS	
TRNS	INVOICE	12/23/2020	Truck: 154toy	Accounts Receivable	154	0	76729	
SPL	INVOICE	12/23/2020	H2	Sales Income	154	0.0	76729	0.01	0.0	
ENDTRNS	
TRNS	INVOICE	12/23/2020	Truck: 182beard	Accounts Receivable	182	13.68	76730	
SPL	INVOICE	12/23/2020	DC	Sales Income	182	-13.68	76730	0.3	45.6	
ENDTRNS	
TRNS	INVOICE	12/23/2020	Truck: 154silv	Accounts Receivable	154	0	76731	
SPL	INVOICE	12/23/2020	H2	Sales Income	154	0.0	76731	0.22	0.0	
ENDTRNS	
TRNS	INVOICE	12/23/2020	Truck: 154ram	Accounts Receivable	154	0	76732	
SPL	INVOICE	12/23/2020	H2	Sales Income	154	0.0	76732	0.07	0.0	
ENDTRNS	
TRNS	INVOICE	12/23/2020	Truck: 154range	Accounts Receivable	154	0	76733	
SPL	INVOICE	12/23/2020	H2	Sales Income	154	0.0	76733	0.19	0.0	
ENDTRNS	
TRNS	INVOICE	12/23/2020	Truck: 1904	Accounts Receivable	162	0	76734	
SPL	INVOICE	12/23/2020	H-2	Sales Income	162	0.0	76734	7.19	0.0	
ENDTRNS	
TRNS	INVOICE	12/23/2020	Truck: 1134	Accounts Receivable	173	0	76735	
SPL	INVOICE	12/23/2020	H-3	Sales Income	173	0.0	76735	25.4	0.0	
ENDTRNS	
TRNS	INVOICE	12/23/2020	Truck: 154todd	Accounts Receivable	154	0	76736	
SPL	INVOICE	12/23/2020	H2	Sales Income	154	0.0	76736	0.09	0.0	
ENDTRNS	
TRNS	INVOICE	12/23/2020	Truck: 182	Accounts Receivable	182	39.22	76737	
SPL	INVOICE	12/23/2020	DC	Sales Income	182	-39.22	76737	0.86	45.6	
ENDTRNS	
TRNS	INVOICE	12/23/2020	Truck: 154red	Accounts Receivable	154	0	76738	
SPL	INVOICE	12/23/2020	H2	Sales Income	154	0.0	76738	0.11	0.0	
ENDTRNS	
TRNS	INVOICE	12/23/2020	Truck: 154tun	Accounts Receivable	154	0	76739	
SPL	INVOICE	12/23/2020	I-2	Sales Income	154	0.0	76739	1.36	0.0	
ENDTRNS	
TRNS	INVOICE	12/23/2020	Truck: 154gmc	Accounts Receivable	154	0	76740	
SPL	INVOICE	12/23/2020	H2	Sales Income	154	0.0	76740	0.43	0.0	
ENDTRNS	
TRNS	INVOICE	12/23/2020	Truck: 154z	Accounts Receivable	154	0	76741	
SPL	INVOICE	12/23/2020	H2	Sales Income	154	0.0	76741	0.03	0.0	
ENDTRNS	
TRNS	INVOICE	12/23/2020	Truck: 154tahoe	Accounts Receivable	154	0	76742	
SPL	INVOICE	12/23/2020	I-2	Sales Income	154	0.0	76742	0.5	0.0	
ENDTRNS	
TRNS	INVOICE	12/26/2020	Truck: 154	Accounts Receivable	154	0	76779	
SPL	INVOICE	12/26/2020	H-2	Sales Income	154	0.0	76779	0.07	0.0	
ENDTRNS	
TRNS	INVOICE	12/26/2020	Truck: 182	Accounts Receivable	182	22.8	76780	
SPL	INVOICE	12/26/2020	DC	Sales Income	182	-22.8	76780	0.5	45.6	
ENDTRNS	
TRNS	INVOICE	12/26/2020	Truck: 154	Accounts Receivable	154	0	76781	
SPL	INVOICE	12/26/2020	I-2	Sales Income	154	0.0	76781	1.49	0.0	
ENDTRNS	
TRNS	INVOICE	12/29/2020	Truck: 276154	Accounts Receivable	154	0	76964	
SPL	INVOICE	12/29/2020	H2	Sales Income	154	0.0	76964	0.17	0.0	
ENDTRNS	
TRNS	INVOICE	12/29/2020	Truck: Car	Accounts Receivable	154	0	76965	
SPL	INVOICE	12/29/2020	H2	Sales Income	154	0.0	76965	0.15	0.0	
ENDTRNS	
TRNS	INVOICE	12/29/2020	Truck: Self	Accounts Receivable	154	0	76966	
SPL	INVOICE	12/29/2020	H2	Sales Income	154	0.0	76966	0.12	0.0	
ENDTRNS	
TRNS	INVOICE	12/29/2020	Truck: 1549	Accounts Receivable	154	0	76967	
SPL	INVOICE	12/29/2020	H2	Sales Income	154	0.0	76967	0.19	0.0	
ENDTRNS	
TRNS	INVOICE	12/29/2020	Truck: SHlo	Accounts Receivable	154	0	76968	
SPL	INVOICE	12/29/2020	H2	Sales Income	154	0.0	76968	0.06	0.0	
ENDTRNS	
TRNS	INVOICE	12/29/2020	Truck: 1547	Accounts Receivable	154	0	76969	
SPL	INVOICE	12/29/2020	H2	Sales Income	154	0.0	76969	0.64	0.0	
ENDTRNS	
TRNS	INVOICE	12/29/2020	Truck: 154top	Accounts Receivable	154	0	76970	
SPL	INVOICE	12/29/2020	I-2	Sales Income	154	0.0	76970	0.17	0.0	
ENDTRNS	
TRNS	INVOICE	12/29/2020	Truck: 182	Accounts Receivable	182	11.4	76971	
SPL	INVOICE	12/29/2020	DC	Sales Income	182	-11.4	76971	0.25	45.6	
ENDTRNS	
TRNS	INVOICE	12/29/2020	Truck: 154van	Accounts Receivable	154	0	76972	
SPL	INVOICE	12/29/2020	H2	Sales Income	154	0.0	76972	0.04	0.0	
ENDTRNS	
TRNS	INVOICE	12/29/2020	Truck: 1920	Accounts Receivable	162	0	76973	
SPL	INVOICE	12/29/2020	H-2	Sales Income	162	0.0	76973	8.99	0.0	
ENDTRNS	
TRNS	INVOICE	12/29/2020	Truck: 56154	Accounts Receivable	154	0	76974	
SPL	INVOICE	12/29/2020	H2	Sales Income	154	0.0	76974	0.16	0.0	
ENDTRNS	
TRNS	INVOICE	12/29/2020	Truck: 329154	Accounts Receivable	154	0	76975	
SPL	INVOICE	12/29/2020	H2	Sales Income	154	0.0	76975	0.07	0.0	
ENDTRNS	
TRNS	INVOICE	12/29/2020	Truck: 104182	Accounts Receivable	182	11.4	76976	
SPL	INVOICE	12/29/2020	DC	Sales Income	182	-11.4	76976	0.25	45.6	
ENDTRNS	
TRNS	INVOICE	12/29/2020	Truck: 1891	Accounts Receivable	173	0	76977	
SPL	INVOICE	12/29/2020	H-3	Sales Income	173	0.0	76977	24.18	0.0	
ENDTRNS	
TRNS	INVOICE	12/29/2020	Truck: 1221	Accounts Receivable	173	0	76978	
SPL	INVOICE	12/29/2020	H-3	Sales Income	173	0.0	76978	25.36	0.0	
ENDTRNS	
TRNS	INVOICE	12/29/2020	Truck: 154brug	Accounts Receivable	154	0	76979	
SPL	INVOICE	12/29/2020	I-2	Sales Income	154	0.0	76979	0.06	0.0	
ENDTRNS	
TRNS	INVOICE	12/29/2020	Truck: 182	Accounts Receivable	182	20.06	76980	
SPL	INVOICE	12/29/2020	DC	Sales Income	182	-20.06	76980	0.44	45.59	
ENDTRNS	
TRNS	INVOICE	12/29/2020	Truck: 4278182	Accounts Receivable	182	31.92	76981	
SPL	INVOICE	12/29/2020	DC	Sales Income	182	-31.92	76981	0.7	45.6	
ENDTRNS	
TRNS	INVOICE	12/30/2020	Truck: 1895	Accounts Receivable	173	0	77016	
SPL	INVOICE	12/30/2020	H-3	Sales Income	173	0.0	77016	22.31	0.0	
ENDTRNS	
TRNS	INVOICE	12/30/2020	Truck: 1549	Accounts Receivable	154	0	77017	
SPL	INVOICE	12/30/2020	H2	Sales Income	154	0.0	77017	0.12	0.0	
ENDTRNS	
TRNS	INVOICE	12/30/2020	Truck: 1547blk	Accounts Receivable	154	0	77018	
SPL	INVOICE	12/30/2020	H2	Sales Income	154	0.0	77018	0.39	0.0	
ENDTRNS	
TRNS	INVOICE	12/30/2020	Truck: 1822	Accounts Receivable	182	13.22	77019	
SPL	INVOICE	12/30/2020	DC	Sales Income	182	-13.22	77019	0.29	45.59	
ENDTRNS	
TRNS	INVOICE	12/30/2020	Truck: 164	Accounts Receivable	182	0	77020	
SPL	INVOICE	12/30/2020	H2	Sales Income	182	0.0	77020	0.07	0.0	
ENDTRNS	
TRNS	INVOICE	12/30/2020	Truck: Red	Accounts Receivable	154	0	77021	
SPL	INVOICE	12/30/2020	H2	Sales Income	154	0.0	77021	0.09	0.0	
ENDTRNS	
TRNS	INVOICE	12/30/2020	Truck: WHitrang	Accounts Receivable	154	0	77022	
SPL	INVOICE	12/30/2020	H2	Sales Income	154	0.0	77022	0.01	0.0	
ENDTRNS	
TRNS	INVOICE	12/30/2020	Truck: green	Accounts Receivable	154	0	77023	
SPL	INVOICE	12/30/2020	H2	Sales Income	154	0.0	77023	0.03	0.0	
ENDTRNS	
TRNS	INVOICE	12/30/2020	Truck: 242dog	Accounts Receivable	154	0	77024	
SPL	INVOICE	12/30/2020	H2	Sales Income	154	0.0	77024	0.12	0.0	
ENDTRNS	
TRNS	INVOICE	12/30/2020	Truck: WHit25000	Accounts Receivable	154	0	77025	
SPL	INVOICE	12/30/2020	H2	Sales Income	154	0.0	77025	2.55	0.0	
ENDTRNS	
TRNS	INVOICE	12/30/2020	Truck: bruram	Accounts Receivable	154	0	77026	
SPL	INVOICE	12/30/2020	H2	Sales Income	154	0.0	77026	0.08	0.0	
ENDTRNS	
TRNS	INVOICE	12/30/2020	Truck: 154	Accounts Receivable	154	0	77027	
SPL	INVOICE	12/30/2020	H-2	Sales Income	154	0.0	77027	0.47	0.0	
ENDTRNS	
TRNS	INVOICE	12/30/2020	Truck: 10099	Accounts Receivable	154	0	77028	
SPL	INVOICE	12/30/2020	I-2	Sales Income	154	0.0	77028	0.16	0.0	
ENDTRNS	
TRNS	INVOICE	12/30/2020	Truck: 154blk	Accounts Receivable	154	0	77029	
SPL	INVOICE	12/30/2020	H2	Sales Income	154	0.0	77029	0.62	0.0	
ENDTRNS	
TRNS	INVOICE	12/30/2020	Truck: 154whitt	Accounts Receivable	154	0	77030	
SPL	INVOICE	12/30/2020	I-2	Sales Income	154	0.0	77030	2.09	0.0	
ENDTRNS	
TRNS	INVOICE	12/30/2020	Truck: 1921-O	Accounts Receivable	162	0	77031	
SPL	INVOICE	12/30/2020	H-2	Sales Income	162	0.0	77031	2.79	0.0	
ENDTRNS	
TRNS	INVOICE	12/30/2020	Truck: uhaul	Accounts Receivable	154	0	77032	
SPL	INVOICE	12/30/2020	H2	Sales Income	154	0.0	77032	0.44	0.0	
ENDTRNS	
TRNS	INVOICE	12/30/2020	Truck: Car	Accounts Receivable	154	0	77033	
SPL	INVOICE	12/30/2020	H2	Sales Income	154	0.0	77033	0.01	0.0	
ENDTRNS	
TRNS	INVOICE	12/30/2020	Truck: dogs	Accounts Receivable	154	0	77034	
SPL	INVOICE	12/30/2020	H2	Sales Income	154	0.0	77034	0.19	0.0	
ENDTRNS	
TRNS	INVOICE	12/30/2020	Truck: 1904	Accounts Receivable	162	0	77052	
SPL	INVOICE	12/30/2020	H-2	Sales Income	162	0.0	77052	4.79	0.0	
ENDTRNS	
TRNS	INVOICE	12/30/2020	Truck: 234182	Accounts Receivable	154	0	77053	
SPL	INVOICE	12/30/2020	H2	Sales Income	154	0.0	77053	1.37	0.0	
ENDTRNS	
TRNS	INVOICE	12/30/2020	Truck: 1905	Accounts Receivable	162	0	77054	
SPL	INVOICE	12/30/2020	H-2	Sales Income	162	0.0	77054	7.95	0.0	
ENDTRNS	
TRNS	INVOICE	12/30/2020	Truck: 966	Accounts Receivable	154	0	77055	
SPL	INVOICE	12/30/2020	H2	Sales Income	154	0.0	77055	0.19	0.0	
ENDTRNS	
TRNS	INVOICE	12/30/2020	Truck: 1903	Accounts Receivable	162	0	77056	
SPL	INVOICE	12/30/2020	H-2	Sales Income	162	0.0	77056	10.33	0.0	
ENDTRNS	
TRNS	INVOICE	12/30/2020	Truck: 1907	Accounts Receivable	162	0	77057	
SPL	INVOICE	12/30/2020	H-2	Sales Income	162	0.0	77057	12.76	0.0	
ENDTRNS	
TRNS	INVOICE	12/30/2020	Truck: 1923	Accounts Receivable	162	0	77058	
SPL	INVOICE	12/30/2020	H-2	Sales Income	162	0.0	77058	11.02	0.0	
ENDTRNS	
TRNS	INVOICE	12/30/2020	Truck: Car	Accounts Receivable	154	0	77059	
SPL	INVOICE	12/30/2020	H2	Sales Income	154	0.0	77059	0.04	0.0	
ENDTRNS	
TRNS	INVOICE	12/30/2020	Truck: 1614	Accounts Receivable	154	0	77060	
SPL	INVOICE	12/30/2020	H2	Sales Income	154	0.0	77060	0.22	0.0	
ENDTRNS	
TRNS	INVOICE	12/30/2020	Truck: 1902	Accounts Receivable	162	0	77061	
SPL	INVOICE	12/30/2020	H-2	Sales Income	162	0.0	77061	3.34	0.0	
ENDTRNS	
TRNS	INVOICE	12/30/2020	Truck: 1895	Accounts Receivable	173	0	77062	
SPL	INVOICE	12/30/2020	H-3	Sales Income	173	0.0	77062	25.12	0.0	
ENDTRNS	
TRNS	INVOICE	12/30/2020	Truck: 154	Accounts Receivable	154	0	77063	
SPL	INVOICE	12/30/2020	H-2	Sales Income	154	0.0	77063	0.18	0.0	
ENDTRNS	
TRNS	INVOICE	12/31/2020	Truck: 1706comp	Accounts Receivable	240	126.77	77064	
SPL	INVOICE	12/31/2020	H1	Sales Income	240	-126.77	77064	2.78	45.6	
ENDTRNS	
TRNS	INVOICE	12/31/2020	Truck: 1891	Accounts Receivable	173	0	77065	
SPL	INVOICE	12/31/2020	H-3	Sales Income	173	0.0	77065	28.11	0.0	
ENDTRNS	
TRNS	INVOICE	12/31/2020	Truck: 1910-C	Accounts Receivable	162	0	77066	
SPL	INVOICE	12/31/2020	H-2	Sales Income	162	0.0	77066	2.76	0.0	
ENDTRNS	
TRNS	INVOICE	12/31/2020	Truck: 1921-C	Accounts Receivable	162	0	77067	
SPL	INVOICE	12/31/2020	H-2	Sales Income	162	0.0	77067	10.18	0.0	
ENDTRNS	
TRNS	INVOICE	12/31/2020	Truck: 154	Accounts Receivable	154	0	77068	
SPL	INVOICE	12/31/2020	I-2	Sales Income	154	0.0	77068	0.48	0.0	
ENDTRNS	
TRNS	INVOICE	12/31/2020	Truck: 154wram	Accounts Receivable	154	0	77069	
SPL	INVOICE	12/31/2020	H2	Sales Income	154	0.0	77069	1.05	0.0	
ENDTRNS	
TRNS	INVOICE	12/31/2020	Truck: 182	Accounts Receivable	120	201.55	77073	
SPL	INVOICE	12/31/2020	DC	Sales Income	120	-201.55	77073	4.42	45.6	
ENDTRNS	
TRNS	INVOICE	12/31/2020	Truck: 154g	Accounts Receivable	154	0	77074	
SPL	INVOICE	12/31/2020	H2	Sales Income	154	0.0	77074	0.03	0.0	
ENDTRNS	
TRNS	INVOICE	12/31/2020	Truck: 1921-O	Accounts Receivable	162	0	77075	
SPL	INVOICE	12/31/2020	H-2	Sales Income	162	0.0	77075	2.61	0.0	
ENDTRNS	
TRNS	INVOICE	12/31/2020	Truck: 154bf150	Accounts Receivable	154	0	77076	
SPL	INVOICE	12/31/2020	H2	Sales Income	154	0.0	77076	0.08	0.0	
ENDTRNS	
TRNS	INVOICE	12/31/2020	Truck: 154wram	Accounts Receivable	154	0	77077	
SPL	INVOICE	12/31/2020	H2	Sales Income	154	0.0	77077	0.09	0.0	
ENDTRNS	
TRNS	INVOICE	12/31/2020	Truck: 405-1489	Accounts Receivable	150	0	77078	
SPL	INVOICE	12/31/2020	H2	Sales Income	150	0.0	77078	0.75	0.0	
ENDTRNS	
TRNS	INVOICE	12/31/2020	Truck: 154black	Accounts Receivable	154	0	77079	
SPL	INVOICE	12/31/2020	H2	Sales Income	154	0.0	77079	0.05	0.0	
ENDTRNS	
TRNS	INVOICE	12/31/2020	Truck: 154siver	Accounts Receivable	154	0	77080	
SPL	INVOICE	12/31/2020	H2	Sales Income	154	0.0	77080	0.05	0.0	
ENDTRNS	
TRNS	INVOICE	12/31/2020	Truck: 1 2 3	Accounts Receivable	154	0	77081	
SPL	INVOICE	12/31/2020	H-2	Sales Income	154	0.0	77081	1.75	0.0	
ENDTRNS	
TRNS	INVOICE	12/31/2020	Truck: 1891	Accounts Receivable	173	0	77082	
SPL	INVOICE	12/31/2020	H-3	Sales Income	173	0.0	77082	22.97	0.0	
ENDTRNS	
TRNS	INVOICE	12/31/2020	Truck: 154bc	Accounts Receivable	154	0	77083	
SPL	INVOICE	12/31/2020	H2	Sales Income	154	0.0	77083	0.12	0.0	
ENDTRNS	
TRNS	INVOICE	12/31/2020	Truck: 154wchev	Accounts Receivable	154	0	77084	
SPL	INVOICE	12/31/2020	H2	Sales Income	154	0.0	77084	0.09	0.0	
ENDTRNS	
TRNS	INVOICE	12/31/2020	Truck: 182	Accounts Receivable	120	253.54	77085	
SPL	INVOICE	12/31/2020	DC	Sales Income	120	-253.54	77085	5.56	45.6	
ENDTRNS	
TRNS	INVOICE	12/31/2020	Truck: 1921-O	Accounts Receivable	162	0	77086	
SPL	INVOICE	12/31/2020	H-2	Sales Income	162	0.0	77086	1.57	0.0	
ENDTRNS	
TRNS	INVOICE	12/31/2020	Truck: 154	Accounts Receivable	154	0	77087	
SPL	INVOICE	12/31/2020	H-2	Sales Income	154	0.0	77087	0.25	0.0	
ENDTRNS	
TRNS	INVOICE	12/31/2020	Truck: 154sivtoy	Accounts Receivable	154	0	77088	
SPL	INVOICE	12/31/2020	H2	Sales Income	154	0.0	77088	0.36	0.0	
ENDTRNS	
TRNS	INVOICE	12/31/2020	Truck: 154red	Accounts Receivable	154	0	77089	
SPL	INVOICE	12/31/2020	H2	Sales Income	154	0.0	77089	0.06	0.0	
ENDTRNS	
TRNS	INVOICE	12/31/2020	Truck: 154van	Accounts Receivable	154	0	77090	
SPL	INVOICE	12/31/2020	H2	Sales Income	154	0.0	77090	0.15	0.0	
ENDTRNS	
TRNS	INVOICE	12/29/2020	Truck: 154redd	Accounts Receivable	154	0	76947	
SPL	INVOICE	12/29/2020	H2	Sales Income	154	0.0	76947	0.11	0.0	
ENDTRNS	
TRNS	INVOICE	12/29/2020	Truck: 1895	Accounts Receivable	173	0	76948	
SPL	INVOICE	12/29/2020	H-3	Sales Income	173	0.0	76948	22.68	0.0	
ENDTRNS	
TRNS	INVOICE	12/29/2020	Truck: 1905	Accounts Receivable	162	0	76949	
SPL	INVOICE	12/29/2020	H-2	Sales Income	162	0.0	76949	7.89	0.0	
ENDTRNS	
TRNS	INVOICE	12/29/2020	Truck: 1902	Accounts Receivable	162	0	76950	
SPL	INVOICE	12/29/2020	H-2	Sales Income	162	0.0	76950	6.65	0.0	
ENDTRNS	
TRNS	INVOICE	12/29/2020	Truck: 1907	Accounts Receivable	162	0	76951	
SPL	INVOICE	12/29/2020	H-2	Sales Income	162	0.0	76951	6.06	0.0	
ENDTRNS	
TRNS	INVOICE	12/29/2020	Truck: 182	Accounts Receivable	182	15.5	76952	
SPL	INVOICE	12/29/2020	DC	Sales Income	182	-15.5	76952	0.34	45.59	
ENDTRNS	
TRNS	INVOICE	12/29/2020	Truck: 154	Accounts Receivable	154	0	76953	
SPL	INVOICE	12/29/2020	H-2	Sales Income	154	0.0	76953	0.19	0.0	
ENDTRNS	
TRNS	INVOICE	12/29/2020	Truck: Renee 2	Accounts Receivable	194	13.68	76954	
SPL	INVOICE	12/29/2020	H1	Sales Income	194	-13.68	76954	0.3	45.6	
ENDTRNS	
TRNS	INVOICE	12/29/2020	Truck: 1904	Accounts Receivable	162	0	76955	
SPL	INVOICE	12/29/2020	H-2	Sales Income	162	0.0	76955	9.74	0.0	
ENDTRNS	
TRNS	INVOICE	12/29/2020	Truck: uhal	Accounts Receivable	154	0	76956	
SPL	INVOICE	12/29/2020	H2	Sales Income	154	0.0	76956	0.08	0.0	
ENDTRNS	
TRNS	INVOICE	12/29/2020	Truck: 116154	Accounts Receivable	154	0	76957	
SPL	INVOICE	12/29/2020	H2	Sales Income	154	0.0	76957	0.06	0.0	
ENDTRNS	
TRNS	INVOICE	12/29/2020	Truck: 154	Accounts Receivable	154	0	76958	
SPL	INVOICE	12/29/2020	H-2	Sales Income	154	0.0	76958	0.05	0.0	
ENDTRNS	
TRNS	INVOICE	12/29/2020	Truck: 595154	Accounts Receivable	154	0	76959	
SPL	INVOICE	12/29/2020	H2	Sales Income	154	0.0	76959	0.54	0.0	
ENDTRNS	
TRNS	INVOICE	12/29/2020	Truck: 1547	Accounts Receivable	154	0	76960	
SPL	INVOICE	12/29/2020	H2	Sales Income	154	0.0	76960	0.01	0.0	
ENDTRNS	
TRNS	INVOICE	12/29/2020	Truck: 154blk	Accounts Receivable	154	0	76961	
SPL	INVOICE	12/29/2020	H2	Sales Income	154	0.0	76961	0.1	0.0	
ENDTRNS	
TRNS	INVOICE	12/29/2020	Truck: 154magi	Accounts Receivable	154	0	76962	
SPL	INVOICE	12/29/2020	H2	Sales Income	154	0.0	76962	0.12	0.0	
ENDTRNS	
TRNS	INVOICE	12/29/2020	Truck: oldman	Accounts Receivable	154	0	76963	
SPL	INVOICE	12/29/2020	H2	Sales Income	154	0.0	76963	0.34	0.0	
ENDTRNS	
TRNS	INVOICE	12/29/2020	Truck: 154silver	Accounts Receivable	154	0	76982	
SPL	INVOICE	12/29/2020	H2	Sales Income	154	0.0	76982	0.18	0.0	
ENDTRNS	
TRNS	INVOICE	12/29/2020	Truck: 154dog	Accounts Receivable	154	0	76983	
SPL	INVOICE	12/29/2020	H2	Sales Income	154	0.0	76983	0.07	0.0	
ENDTRNS	
TRNS	INVOICE	12/29/2020	Truck: 1891	Accounts Receivable	173	0	76984	
SPL	INVOICE	12/29/2020	H-3	Sales Income	173	0.0	76984	26.16	0.0	
ENDTRNS	
TRNS	INVOICE	12/29/2020	Truck: 1547	Accounts Receivable	154	0	76985	
SPL	INVOICE	12/29/2020	H2	Sales Income	154	0.0	76985	0.2	0.0	
ENDTRNS	
TRNS	INVOICE	12/29/2020	Truck: 154matt	Accounts Receivable	154	0	76986	
SPL	INVOICE	12/29/2020	H2	Sales Income	154	0.0	76986	1.7	0.0	
ENDTRNS	
TRNS	INVOICE	12/29/2020	Truck: 154	Accounts Receivable	154	0	76987	
SPL	INVOICE	12/29/2020	H-2	Sales Income	154	0.0	76987	0.07	0.0	
ENDTRNS	
TRNS	INVOICE	12/29/2020	Truck: 1895	Accounts Receivable	173	0	76988	
SPL	INVOICE	12/29/2020	H-3	Sales Income	173	0.0	76988	26.34	0.0	
ENDTRNS	
TRNS	INVOICE	12/29/2020	Truck: 1903	Accounts Receivable	162	0	76989	
SPL	INVOICE	12/29/2020	H-2	Sales Income	162	0.0	76989	8.86	0.0	
ENDTRNS	
TRNS	INVOICE	12/30/2020	Truck: 154	Accounts Receivable	154	0	76990	
SPL	INVOICE	12/30/2020	H-2	Sales Income	154	0.0	76990	0.74	0.0	
ENDTRNS	
TRNS	INVOICE	12/30/2020	Truck: 1706comp	Accounts Receivable	240	177.84	76991	
SPL	INVOICE	12/30/2020	H1	Sales Income	240	-177.84	76991	3.9	45.6	
ENDTRNS	
TRNS	INVOICE	12/30/2020	Truck: 1891	Accounts Receivable	173	0	76992	
SPL	INVOICE	12/30/2020	H-3	Sales Income	173	0.0	76992	25.11	0.0	
ENDTRNS	
TRNS	INVOICE	12/30/2020	Truck: 154	Accounts Receivable	154	0	76993	
SPL	INVOICE	12/30/2020	H-2	Sales Income	154	0.0	76993	0.02	0.0	
ENDTRNS	
TRNS	INVOICE	12/30/2020	Truck: 1895	Accounts Receivable	173	0	76994	
SPL	INVOICE	12/30/2020	H-3	Sales Income	173	0.0	76994	27.04	0.0	
ENDTRNS	
TRNS	INVOICE	12/30/2020	Truck: 154	Accounts Receivable	154	0	76995	
SPL	INVOICE	12/30/2020	H-2	Sales Income	154	0.0	76995	0.23	0.0	
ENDTRNS	
TRNS	INVOICE	12/30/2020	Truck: 154	Accounts Receivable	154	0	76996	
SPL	INVOICE	12/30/2020	I-2	Sales Income	154	0.0	76996	0.03	0.0	
ENDTRNS	
TRNS	INVOICE	12/30/2020	Truck: 1542	Accounts Receivable	154	0	76997	
SPL	INVOICE	12/30/2020	I-2	Sales Income	154	0.0	76997	0.3	0.0	
ENDTRNS	
TRNS	INVOICE	12/30/2020	Truck: 154	Accounts Receivable	154	0	76998	
SPL	INVOICE	12/30/2020	H-2	Sales Income	154	0.0	76998	0.06	0.0	
ENDTRNS	
TRNS	INVOICE	12/30/2020	Truck: Car	Accounts Receivable	182	0	76999	
SPL	INVOICE	12/30/2020	H2	Sales Income	182	0.0	76999	0.04	0.0	
ENDTRNS	
TRNS	INVOICE	12/26/2020	Truck: 15431542	Accounts Receivable	154	0	76782	
SPL	INVOICE	12/26/2020	H2	Sales Income	154	0.0	76782	0.05	0.0	
ENDTRNS	
TRNS	INVOICE	12/26/2020	Truck: 154	Accounts Receivable	154	0	76783	
SPL	INVOICE	12/26/2020	H-2	Sales Income	154	0.0	76783	0.44	0.0	
ENDTRNS	
TRNS	INVOICE	12/26/2020	Truck: 1 2 3	Accounts Receivable	154	0	76784	
SPL	INVOICE	12/26/2020	H-2	Sales Income	154	0.0	76784	1.79	0.0	
ENDTRNS	
TRNS	INVOICE	12/26/2020	Truck: 1542	Accounts Receivable	154	0	76785	
SPL	INVOICE	12/26/2020	H2	Sales Income	154	0.0	76785	0.21	0.0	
ENDTRNS	
TRNS	INVOICE	12/26/2020	Truck: 154TRK	Accounts Receivable	154	0	76786	
SPL	INVOICE	12/26/2020	H2	Sales Income	154	0.0	76786	0.11	0.0	
ENDTRNS	
TRNS	INVOICE	12/26/2020	Truck: 1542	Accounts Receivable	154	0	76787	
SPL	INVOICE	12/26/2020	H2	Sales Income	154	0.0	76787	0.1	0.0	
ENDTRNS	
TRNS	INVOICE	12/28/2020	Truck: 154	Accounts Receivable	154	0	76860	
SPL	INVOICE	12/28/2020	I-2	Sales Income	154	0.0	76860	2.21	0.0	
ENDTRNS	
TRNS	INVOICE	12/28/2020	Truck: 182	Accounts Receivable	182	0	76861	
SPL	INVOICE	12/28/2020	H2	Sales Income	182	0.0	76861	0.05	0.0	
ENDTRNS	
TRNS	INVOICE	12/28/2020	Truck: 1548	Accounts Receivable	154	0	76862	
SPL	INVOICE	12/28/2020	I-2	Sales Income	154	0.0	76862	2.46	0.0	
ENDTRNS	
TRNS	INVOICE	12/28/2020	Truck: 154whi	Accounts Receivable	154	0	76863	
SPL	INVOICE	12/28/2020	H2	Sales Income	154	0.0	76863	0.04	0.0	
ENDTRNS	
TRNS	INVOICE	12/28/2020	Truck: 1891	Accounts Receivable	173	0	76864	
SPL	INVOICE	12/28/2020	H-3	Sales Income	173	0.0	76864	18.11	0.0	
ENDTRNS	
TRNS	INVOICE	12/28/2020	Truck: 154	Accounts Receivable	154	0	76865	
SPL	INVOICE	12/28/2020	H-2	Sales Income	154	0.0	76865	0.08	0.0	
ENDTRNS	
TRNS	INVOICE	12/28/2020	Truck: 1 2 3	Accounts Receivable	154	0	76866	
SPL	INVOICE	12/28/2020	H-2	Sales Income	154	0.0	76866	1.57	0.0	
ENDTRNS	
TRNS	INVOICE	12/28/2020	Truck: 154	Accounts Receivable	154	0	76867	
SPL	INVOICE	12/28/2020	H-2	Sales Income	154	0.0	76867	0.07	0.0	
ENDTRNS	
TRNS	INVOICE	12/28/2020	Truck: dewey	Accounts Receivable	108	0	76868	
SPL	INVOICE	12/28/2020	H2	Sales Income	108	0.0	76868	0.08	0.0	
ENDTRNS	
TRNS	INVOICE	12/28/2020	Truck: 1542	Accounts Receivable	154	0	76869	
SPL	INVOICE	12/28/2020	I-2	Sales Income	154	0.0	76869	0.12	0.0	
ENDTRNS	
TRNS	INVOICE	12/28/2020	Truck: blu	Accounts Receivable	154	0	76870	
SPL	INVOICE	12/28/2020	H2	Sales Income	154	0.0	76870	0.03	0.0	
ENDTRNS	
TRNS	INVOICE	12/28/2020	Truck: Renee 2	Accounts Receivable	194	15.96	76871	
SPL	INVOICE	12/28/2020	H1	Sales Income	194	-15.96	76871	0.35	45.6	
ENDTRNS	
TRNS	INVOICE	12/30/2020	Truck: 1906	Accounts Receivable	162	0	77035	
SPL	INVOICE	12/30/2020	H-2	Sales Income	162	0.0	77035	8.26	0.0	
ENDTRNS	
TRNS	INVOICE	12/30/2020	Truck: 154	Accounts Receivable	154	0	77036	
SPL	INVOICE	12/30/2020	H-2	Sales Income	154	0.0	77036	0.14	0.0	
ENDTRNS	
TRNS	INVOICE	12/30/2020	Truck: 154toy	Accounts Receivable	154	0	77037	
SPL	INVOICE	12/30/2020	H2	Sales Income	154	0.0	77037	1.62	0.0	
ENDTRNS	
TRNS	INVOICE	12/30/2020	Truck: 1221	Accounts Receivable	173	0	77038	
SPL	INVOICE	12/30/2020	H-3	Sales Income	173	0.0	77038	22.42	0.0	
ENDTRNS	
TRNS	INVOICE	12/30/2020	Truck: 182	Accounts Receivable	182	40.13	77039	
SPL	INVOICE	12/30/2020	DC	Sales Income	182	-40.13	77039	0.88	45.6	
ENDTRNS	
TRNS	INVOICE	12/30/2020	Truck: 154	Accounts Receivable	154	0	77040	
SPL	INVOICE	12/30/2020	I-2	Sales Income	154	0.0	77040	0.19	0.0	
ENDTRNS	
TRNS	INVOICE	12/30/2020	Truck: jeep	Accounts Receivable	154	0	77041	
SPL	INVOICE	12/30/2020	H2	Sales Income	154	0.0	77041	0.04	0.0	
ENDTRNS	
TRNS	INVOICE	12/30/2020	Truck: 154navy	Accounts Receivable	154	0	77042	
SPL	INVOICE	12/30/2020	I-2	Sales Income	154	0.0	77042	0.46	0.0	
ENDTRNS	
TRNS	INVOICE	12/30/2020	Truck: Red	Accounts Receivable	154	0	77043	
SPL	INVOICE	12/30/2020	H2	Sales Income	154	0.0	77043	0.02	0.0	
ENDTRNS	
TRNS	INVOICE	12/30/2020	Truck: Redtrk	Accounts Receivable	182	6.38	77044	
SPL	INVOICE	12/30/2020	DC	Sales Income	182	-6.38	77044	0.14	45.57	
ENDTRNS	
TRNS	INVOICE	12/30/2020	Truck: 12830	Accounts Receivable	154	0	77045	
SPL	INVOICE	12/30/2020	H2	Sales Income	154	0.0	77045	0.54	0.0	
ENDTRNS	
TRNS	INVOICE	12/30/2020	Truck: 1272	Accounts Receivable	154	0	77046	
SPL	INVOICE	12/30/2020	H2	Sales Income	154	0.0	77046	0.67	0.0	
ENDTRNS	
TRNS	INVOICE	12/30/2020	Truck: 238	Accounts Receivable	238	11.86	77047	
SPL	INVOICE	12/30/2020	DC	Sales Income	238	-11.86	77047	0.26	45.62	
ENDTRNS	
TRNS	INVOICE	12/30/2020	Truck: 182	Accounts Receivable	182	6.84	77048	
SPL	INVOICE	12/30/2020	DC	Sales Income	182	-6.84	77048	0.15	45.6	
ENDTRNS	
TRNS	INVOICE	12/30/2020	Truck: 154silver	Accounts Receivable	154	0	77049	
SPL	INVOICE	12/30/2020	I-2	Sales Income	154	0.0	77049	0.68	0.0	
ENDTRNS	
TRNS	INVOICE	12/30/2020	Truck: 1891	Accounts Receivable	173	0	77050	
SPL	INVOICE	12/30/2020	H-3	Sales Income	173	0.0	77050	19.86	0.0	
ENDTRNS	
TRNS	INVOICE	12/30/2020	Truck: 1920	Accounts Receivable	162	0	77051	
SPL	INVOICE	12/30/2020	H-2	Sales Income	162	0.0	77051	9.49	0.0	
ENDTRNS	
TRNS	INVOICE	12/31/2020	Truck: 154redtoy	Accounts Receivable	154	0	77091	
SPL	INVOICE	12/31/2020	H2	Sales Income	154	0.0	77091	0.06	0.0	
ENDTRNS	
TRNS	INVOICE	12/31/2020	Truck: 1903	Accounts Receivable	162	0	77092	
SPL	INVOICE	12/31/2020	H-2	Sales Income	162	0.0	77092	2.44	0.0	
ENDTRNS	
TRNS	INVOICE	12/31/2020	Truck: 1904	Accounts Receivable	162	0	77093	
SPL	INVOICE	12/31/2020	H-2	Sales Income	162	0.0	77093	3.87	0.0	
ENDTRNS	
TRNS	INVOICE	12/31/2020	Truck: 154	Accounts Receivable	154	0	77094	
SPL	INVOICE	12/31/2020	H-2	Sales Income	154	0.0	77094	0.22	0.0	
ENDTRNS	
TRNS	INVOICE	12/31/2020	Truck: 1920	Accounts Receivable	162	0	77095	
SPL	INVOICE	12/31/2020	H-2	Sales Income	162	0.0	77095	2.67	0.0	
ENDTRNS	
TRNS	INVOICE	12/31/2020	Truck: 1921-O	Accounts Receivable	162	0	77096	
SPL	INVOICE	12/31/2020	H-2	Sales Income	162	0.0	77096	2.77	0.0	
ENDTRNS	
TRNS	INVOICE	12/31/2020	Truck: 154	Accounts Receivable	154	0	77097	
SPL	INVOICE	12/31/2020	H-2	Sales Income	154	0.0	77097	0.02	0.0	
ENDTRNS	
TRNS	INVOICE	12/31/2020	Truck: 154green'	Accounts Receivable	154	0	77098	
SPL	INVOICE	12/31/2020	H2	Sales Income	154	0.0	77098	0.18	0.0	
ENDTRNS	
TRNS	INVOICE	12/31/2020	Truck: 154	Accounts Receivable	154	0	77099	
SPL	INVOICE	12/31/2020	H-2	Sales Income	154	0.0	77099	0.09	0.0	
ENDTRNS	
TRNS	INVOICE	12/31/2020	Truck: 1902	Accounts Receivable	162	0	77100	
SPL	INVOICE	12/31/2020	H-2	Sales Income	162	0.0	77100	3.61	0.0	
ENDTRNS	
TRNS	INVOICE	12/31/2020	Truck: 154f150	Accounts Receivable	154	0	77101	
SPL	INVOICE	12/31/2020	H2	Sales Income	154	0.0	77101	0.07	0.0	
ENDTRNS	
TRNS	INVOICE	12/31/2020	Truck: 154siv	Accounts Receivable	154	0	77102	
SPL	INVOICE	12/31/2020	H2	Sales Income	154	0.0	77102	0.23	0.0	
ENDTRNS	
TRNS	INVOICE	12/31/2020	Truck: 154wf150	Accounts Receivable	154	0	77103	
SPL	INVOICE	12/31/2020	H2	Sales Income	154	0.0	77103	0.1	0.0	
ENDTRNS	
TRNS	INVOICE	12/31/2020	Truck: 1906	Accounts Receivable	162	0	77104	
SPL	INVOICE	12/31/2020	H-2	Sales Income	162	0.0	77104	4.03	0.0	
ENDTRNS	
TRNS	INVOICE	12/31/2020	Truck: 154wram	Accounts Receivable	154	0	77105	
SPL	INVOICE	12/31/2020	H2	Sales Income	154	0.0	77105	0.26	0.0	
ENDTRNS	
TRNS	INVOICE	12/31/2020	Truck: 154catniss	Accounts Receivable	154	0	77106	
SPL	INVOICE	12/31/2020	H2	Sales Income	154	0.0	77106	0.01	0.0	
ENDTRNS	
TRNS	INVOICE	12/31/2020	Truck: 182/2500	Accounts Receivable	182	0	77107	
SPL	INVOICE	12/31/2020	DC	Sales Income	182	0.0	77107	1.99	0.0	
ENDTRNS	
TRNS	INVOICE	12/31/2020	Truck: 154grf150	Accounts Receivable	154	0	77108	
SPL	INVOICE	12/31/2020	H2	Sales Income	154	0.0	77108	0.09	0.0	
ENDTRNS	
TRNS	INVOICE	12/31/2020	Truck: 154wtoy	Accounts Receivable	154	0	77110	
SPL	INVOICE	12/31/2020	H2	Sales Income	154	0.0	77110	0.06	0.0	
ENDTRNS	
TRNS	INVOICE	12/31/2020	Truck: 154uh	Accounts Receivable	154	0	77111	
SPL	INVOICE	12/31/2020	H2	Sales Income	154	0.0	77111	0.36	0.0	
ENDTRNS	
TRNS	INVOICE	12/31/2020	Truck: 1910-O	Accounts Receivable	162	0	77112	
SPL	INVOICE	12/31/2020	H-2	Sales Income	162	0.0	77112	0.32	0.0	
ENDTRNS	
TRNS	INVOICE	12/31/2020	Truck: 1921-C	Accounts Receivable	162	0	77113	
SPL	INVOICE	12/31/2020	H-2	Sales Income	162	0.0	77113	11.88	0.0	
ENDTRNS	
TRNS	INVOICE	12/31/2020	Truck: 154bf150	Accounts Receivable	154	0	77114	
SPL	INVOICE	12/31/2020	H2	Sales Income	154	0.0	77114	0.03	0.0	
ENDTRNS	
TRNS	INVOICE	12/31/2020	Truck: 154wf250du	Accounts Receivable	154	0	77115	
SPL	INVOICE	12/31/2020	H2	Sales Income	154	0.0	77115	0.35	0.0	
ENDTRNS	
TRNS	INVOICE	12/31/2020	Truck: 1891	Accounts Receivable	173	0	77116	
SPL	INVOICE	12/31/2020	H-3	Sales Income	173	0.0	77116	22.52	0.0	
ENDTRNS	
TRNS	INVOICE	12/31/2020	Truck: 154redf	Accounts Receivable	154	0	77117	
SPL	INVOICE	12/31/2020	H2	Sales Income	154	0.0	77117	0.12	0.0	
ENDTRNS	
TRNS	INVOICE	12/31/2020	Truck: 154	Accounts Receivable	154	0	77118	
SPL	INVOICE	12/31/2020	H-2	Sales Income	154	0.0	77118	1.32	0.0	
ENDTRNS	
TRNS	INVOICE	12/31/2020	Truck: 1895	Accounts Receivable	173	0	77119	
SPL	INVOICE	12/31/2020	H-3	Sales Income	173	0.0	77119	22.52	0.0	
ENDTRNS	
TRNS	INVOICE	12/31/2020	Truck: 154	Accounts Receivable	154	0	77120	
SPL	INVOICE	12/31/2020	I-2	Sales Income	154	0.0	77120	0.98	0.0	
ENDTRNS	
TRNS	INVOICE	12/31/2020	Truck: 1921-O	Accounts Receivable	162	0	77121	
SPL	INVOICE	12/31/2020	H-2	Sales Income	162	0.0	77121	2.38	0.0	
ENDTRNS	
TRNS	INVOICE	12/29/2020	Truck: 1706comp	Accounts Receivable	240	132.24	76918	
SPL	INVOICE	12/29/2020	H1	Sales Income	240	-132.24	76918	2.9	45.6	
ENDTRNS	
TRNS	INVOICE	12/29/2020	Truck: 154	Accounts Receivable	154	0	76919	
SPL	INVOICE	12/29/2020	I-2	Sales Income	154	0.0	76919	0.7	0.0	
ENDTRNS	
TRNS	INVOICE	12/30/2020	Truck: 1706comp	Accounts Receivable	240	2.28	77000	
SPL	INVOICE	12/30/2020	H1	Sales Income	240	-2.28	77000	0.05	45.6	
ENDTRNS	
TRNS	INVOICE	12/30/2020	Truck: 154	Accounts Receivable	154	0	77001	
SPL	INVOICE	12/30/2020	I-2	Sales Income	154	0.0	77001	0.14	0.0	
ENDTRNS	
TRNS	INVOICE	12/30/2020	Truck: 154ram	Accounts Receivable	154	0	77002	
SPL	INVOICE	12/30/2020	H2	Sales Income	154	0.0	77002	0.11	0.0	
ENDTRNS	
TRNS	INVOICE	12/30/2020	Truck: phi	Accounts Receivable	154	0	77003	
SPL	INVOICE	12/30/2020	I-2	Sales Income	154	0.0	77003	1.84	0.0	
ENDTRNS	
TRNS	INVOICE	12/30/2020	Truck: jeep	Accounts Receivable	154	0	77004	
SPL	INVOICE	12/30/2020	I-2	Sales Income	154	0.0	77004	0.16	0.0	
ENDTRNS	
TRNS	INVOICE	12/30/2020	Truck: 154	Accounts Receivable	154	0	77005	
SPL	INVOICE	12/30/2020	H-2	Sales Income	154	0.0	77005	0.06	0.0	
ENDTRNS	
TRNS	INVOICE	12/30/2020	Truck: 154	Accounts Receivable	154	0	77006	
SPL	INVOICE	12/30/2020	H-2	Sales Income	154	0.0	77006	0.05	0.0	
ENDTRNS	
TRNS	INVOICE	12/30/2020	Truck: 1542	Accounts Receivable	154	0	77007	
SPL	INVOICE	12/30/2020	H2	Sales Income	154	0.0	77007	0.12	0.0	
ENDTRNS	
TRNS	INVOICE	12/30/2020	Truck: 154	Accounts Receivable	154	0	77008	
SPL	INVOICE	12/30/2020	H-2	Sales Income	154	0.0	77008	0.01	0.0	
ENDTRNS	
TRNS	INVOICE	12/30/2020	Truck: 154van	Accounts Receivable	154	0	77009	
SPL	INVOICE	12/30/2020	H2	Sales Income	154	0.0	77009	0	0.0	
ENDTRNS	
TRNS	INVOICE	12/30/2020	Truck: 185	Accounts Receivable	154	0	77010	
SPL	INVOICE	12/30/2020	H2	Sales Income	154	0.0	77010	0.11	0.0	
ENDTRNS	
TRNS	INVOICE	12/30/2020	Truck: 1904	Accounts Receivable	162	0	77011	
SPL	INVOICE	12/30/2020	H-2	Sales Income	162	0.0	77011	8.3	0.0	
ENDTRNS	
TRNS	INVOICE	12/30/2020	Truck: 182	Accounts Receivable	182	17.78	77012	
SPL	INVOICE	12/30/2020	DC	Sales Income	182	-17.78	77012	0.39	45.59	
ENDTRNS	
TRNS	INVOICE	12/30/2020	Truck: 1509	Accounts Receivable	154	0	77013	
SPL	INVOICE	12/30/2020	H2	Sales Income	154	0.0	77013	0.07	0.0	
ENDTRNS	
TRNS	INVOICE	12/30/2020	Truck: 154brug	Accounts Receivable	154	0	77014	
SPL	INVOICE	12/30/2020	I-2	Sales Income	154	0.0	77014	0.23	0.0	
ENDTRNS	
TRNS	INVOICE	12/30/2020	Truck: 1902	Accounts Receivable	162	0	77015	
SPL	INVOICE	12/30/2020	H-2	Sales Income	162	0.0	77015	6.26	0.0	
ENDTRNS	
TRNS	INVOICE	12/31/2020	Truck: 154bdak	Accounts Receivable	154	0	77070	
SPL	INVOICE	12/31/2020	H2	Sales Income	154	0.0	77070	0.12	0.0	
ENDTRNS	
TRNS	INVOICE	12/31/2020	Truck: 1910-O	Accounts Receivable	162	0	77071	
SPL	INVOICE	12/31/2020	H-2	Sales Income	162	0.0	77071	0.01	0.0	
ENDTRNS	
TRNS	INVOICE	12/31/2020	Truck: 154blue	Accounts Receivable	154	0	77072	
SPL	INVOICE	12/31/2020	H2	Sales Income	154	0.0	77072	0.21	0.0	
ENDTRNS	
TRNS	INVOICE	12/01/2020	Truck: 1891	Accounts Receivable	173	0	75838	
SPL	INVOICE	12/01/2020	H-3	Sales Income	173	0.0	75838	30.63	0.0	
ENDTRNS	
TRNS	INVOICE	12/01/2020	Truck: 1706comp	Accounts Receivable	240	144.1	75840	
SPL	INVOICE	12/01/2020	H1	Sales Income	240	-144.1	75840	3.16	45.6	
ENDTRNS	
TRNS	INVOICE	12/01/2020	Truck: 154	Accounts Receivable	154	0	75841	
SPL	INVOICE	12/01/2020	H-2	Sales Income	154	0.0	75841	0.12	0.0	
ENDTRNS	
TRNS	INVOICE	12/01/2020	Truck: 1542	Accounts Receivable	154	0	75842	
SPL	INVOICE	12/01/2020	H2	Sales Income	154	0.0	75842	0.59	0.0	
ENDTRNS	
TRNS	INVOICE	12/01/2020	Truck: 154	Accounts Receivable	154	0	75843	
SPL	INVOICE	12/01/2020	H-2	Sales Income	154	0.0	75843	0.06	0.0	
ENDTRNS	
TRNS	INVOICE	12/01/2020	Truck: 1891	Accounts Receivable	173	0	75844	
SPL	INVOICE	12/01/2020	H-3	Sales Income	173	0.0	75844	22.81	0.0	
ENDTRNS	
TRNS	INVOICE	12/01/2020	Truck: 1912 	Accounts Receivable	162	0	75845	
SPL	INVOICE	12/01/2020	H-2	Sales Income	162	0.0	75845	3.84	0.0	
ENDTRNS	
TRNS	INVOICE	12/01/2020	Truck: 456	Accounts Receivable	456	15.05	75846	
SPL	INVOICE	12/01/2020	H1	Sales Income	456	-15.05	75846	0.33	45.61	
ENDTRNS	
TRNS	INVOICE	12/01/2020	Truck: 1907	Accounts Receivable	162	0	75847	
SPL	INVOICE	12/01/2020	H-2	Sales Income	162	0.0	75847	6.54	0.0	
ENDTRNS	
TRNS	INVOICE	12/01/2020	Truck: 182	Accounts Receivable	182	0	75848	
SPL	INVOICE	12/01/2020	H2	Sales Income	182	0.0	75848	2.22	0.0	
ENDTRNS	
TRNS	INVOICE	12/01/2020	Truck: 1895	Accounts Receivable	173	0	75849	
SPL	INVOICE	12/01/2020	H-3	Sales Income	173	0.0	75849	20.38	0.0	
ENDTRNS	
TRNS	INVOICE	12/01/2020	Truck: 1920	Accounts Receivable	162	0	75850	
SPL	INVOICE	12/01/2020	H-2	Sales Income	162	0.0	75850	6.4	0.0	
ENDTRNS	
TRNS	INVOICE	12/01/2020	Truck: 1905	Accounts Receivable	162	0	75851	
SPL	INVOICE	12/01/2020	H-2	Sales Income	162	0.0	75851	8.17	0.0	
ENDTRNS	
TRNS	INVOICE	12/01/2020	Truck: 154red	Accounts Receivable	154	0	75852	
SPL	INVOICE	12/01/2020	H2	Sales Income	154	0.0	75852	0.03	0.0	
ENDTRNS	
TRNS	INVOICE	12/01/2020	Truck: 154mundy	Accounts Receivable	154	0	75853	
SPL	INVOICE	12/01/2020	I-2	Sales Income	154	0.0	75853	0.23	0.0	
ENDTRNS	
TRNS	INVOICE	12/01/2020	Truck: Speedy	Accounts Receivable	154	16.38	75854	
SPL	INVOICE	12/01/2020	I-1	Sales Income	154	-16.38	75854	0.91	18.0	
ENDTRNS	
TRNS	INVOICE	12/01/2020	Truck: 238	Accounts Receivable	238	32.38	75855	
SPL	INVOICE	12/01/2020	DC	Sales Income	238	-32.38	75855	0.71	45.61	
ENDTRNS	
TRNS	INVOICE	12/01/2020	Truck: 1904	Accounts Receivable	162	0	75856	
SPL	INVOICE	12/01/2020	H-2	Sales Income	162	0.0	75856	9.57	0.0	
ENDTRNS	
TRNS	INVOICE	12/01/2020	Truck: matt	Accounts Receivable	154	0	75857	
SPL	INVOICE	12/01/2020	H2	Sales Income	154	0.0	75857	0.22	0.0	
ENDTRNS	
TRNS	INVOICE	12/01/2020	Truck: 1902	Accounts Receivable	162	0	75858	
SPL	INVOICE	12/01/2020	H-2	Sales Income	162	0.0	75858	7.26	0.0	
ENDTRNS	
TRNS	INVOICE	12/01/2020	Truck: 154	Accounts Receivable	154	0	75859	
SPL	INVOICE	12/01/2020	H-2	Sales Income	154	0.0	75859	0.12	0.0	
ENDTRNS	
TRNS	INVOICE	12/03/2020	Truck: 1906	Accounts Receivable	162	0	75943	
SPL	INVOICE	12/03/2020	H-2	Sales Income	162	0.0	75943	4.73	0.0	
ENDTRNS	
TRNS	INVOICE	12/03/2020	Truck: 154	Accounts Receivable	154	0	75944	
SPL	INVOICE	12/03/2020	H-2	Sales Income	154	0.0	75944	0.34	0.0	
ENDTRNS	
TRNS	INVOICE	12/03/2020	Truck: 1542	Accounts Receivable	154	0	75945	
SPL	INVOICE	12/03/2020	H2	Sales Income	154	0.0	75945	0.7	0.0	
ENDTRNS	
TRNS	INVOICE	12/03/2020	Truck: 1904	Accounts Receivable	162	0	75946	
SPL	INVOICE	12/03/2020	H-2	Sales Income	162	0.0	75946	5.77	0.0	
ENDTRNS	
TRNS	INVOICE	12/03/2020	Truck: 154dog	Accounts Receivable	154	0	75947	
SPL	INVOICE	12/03/2020	H2	Sales Income	154	0.0	75947	0.07	0.0	
ENDTRNS	
TRNS	INVOICE	12/03/2020	Truck: 154	Accounts Receivable	154	0	75948	
SPL	INVOICE	12/03/2020	H-2	Sales Income	154	0.0	75948	0.04	0.0	
ENDTRNS	
TRNS	INVOICE	12/03/2020	Truck: 238	Accounts Receivable	238	85.27	75949	
SPL	INVOICE	12/03/2020	DC	Sales Income	238	-85.27	75949	1.87	45.6	
ENDTRNS	
TRNS	INVOICE	12/03/2020	Truck: 1907	Accounts Receivable	162	0	75950	
SPL	INVOICE	12/03/2020	H-2	Sales Income	162	0.0	75950	6.59	0.0	
ENDTRNS	
TRNS	INVOICE	12/03/2020	Truck: 154	Accounts Receivable	154	0	75951	
SPL	INVOICE	12/03/2020	I-2	Sales Income	154	0.0	75951	0.76	0.0	
ENDTRNS	
TRNS	INVOICE	12/03/2020	Truck: 1903	Accounts Receivable	162	0	75952	
SPL	INVOICE	12/03/2020	H-2	Sales Income	162	0.0	75952	5.67	0.0	
ENDTRNS	
TRNS	INVOICE	12/03/2020	Truck: Renee 2	Accounts Receivable	194	20.52	75953	
SPL	INVOICE	12/03/2020	H1	Sales Income	194	-20.52	75953	0.45	45.6	
ENDTRNS	
TRNS	INVOICE	12/03/2020	Truck: 1902	Accounts Receivable	162	0	75954	
SPL	INVOICE	12/03/2020	H-2	Sales Income	162	0.0	75954	4.22	0.0	
ENDTRNS	
TRNS	INVOICE	12/03/2020	Truck: 154blu	Accounts Receivable	154	0	75955	
SPL	INVOICE	12/03/2020	H2	Sales Income	154	0.0	75955	0.01	0.0	
ENDTRNS	
TRNS	INVOICE	12/03/2020	Truck: 182	Accounts Receivable	182	7.3	75956	
SPL	INVOICE	12/03/2020	DC	Sales Income	182	-7.3	75956	0.16	45.62	
ENDTRNS	
TRNS	INVOICE	12/03/2020	Truck: 154	Accounts Receivable	154	0	75957	
SPL	INVOICE	12/03/2020	H-2	Sales Income	154	0.0	75957	0.25	0.0	
ENDTRNS	
TRNS	INVOICE	12/03/2020	Truck: 1921-C	Accounts Receivable	162	0	75958	
SPL	INVOICE	12/03/2020	H-2	Sales Income	162	0.0	75958	4.91	0.0	
ENDTRNS	
TRNS	INVOICE	12/03/2020	Truck: 1891	Accounts Receivable	173	0	75959	
SPL	INVOICE	12/03/2020	H-3	Sales Income	173	0.0	75959	24.91	0.0	
ENDTRNS	
TRNS	INVOICE	12/03/2020	Truck: 154	Accounts Receivable	154	0	75960	
SPL	INVOICE	12/03/2020	H-2	Sales Income	154	0.0	75960	0.09	0.0	
ENDTRNS	
TRNS	INVOICE	12/04/2020	Truck: Renee 2	Accounts Receivable	194	17.78	75994	
SPL	INVOICE	12/04/2020	H1	Sales Income	194	-17.78	75994	0.39	45.59	
ENDTRNS	
TRNS	INVOICE	12/04/2020	Truck: 154red	Accounts Receivable	154	0	75995	
SPL	INVOICE	12/04/2020	H2	Sales Income	154	0.0	75995	0.81	0.0	
ENDTRNS	
TRNS	INVOICE	12/04/2020	Truck: 182insu	Accounts Receivable	182	15.5	75996	
SPL	INVOICE	12/04/2020	DC	Sales Income	182	-15.5	75996	0.34	45.59	
ENDTRNS	
TRNS	INVOICE	12/04/2020	Truck: 182	Accounts Receivable	182	10.49	75997	
SPL	INVOICE	12/04/2020	DC	Sales Income	182	-10.49	75997	0.23	45.61	
ENDTRNS	
TRNS	INVOICE	12/04/2020	Truck: 1906	Accounts Receivable	162	0	75998	
SPL	INVOICE	12/04/2020	H-2	Sales Income	162	0.0	75998	6.3	0.0	
ENDTRNS	
TRNS	INVOICE	12/04/2020	Truck: 154vly	Accounts Receivable	154	0	75999	
SPL	INVOICE	12/04/2020	H2	Sales Income	154	0.0	75999	0.15	0.0	
ENDTRNS	
TRNS	INVOICE	12/04/2020	Truck: 182home	Accounts Receivable	182	110.81	76000	
SPL	INVOICE	12/04/2020	DC	Sales Income	182	-110.81	76000	2.43	45.6	
ENDTRNS	
TRNS	INVOICE	12/04/2020	Truck: 182duel	Accounts Receivable	182	26.45	76001	
SPL	INVOICE	12/04/2020	DC	Sales Income	182	-26.45	76001	0.58	45.6	
ENDTRNS	
TRNS	INVOICE	12/04/2020	Truck: 1891	Accounts Receivable	173	0	76002	
SPL	INVOICE	12/04/2020	H-3	Sales Income	173	0.0	76002	26.29	0.0	
ENDTRNS	
TRNS	INVOICE	12/04/2020	Truck: 182white	Accounts Receivable	182	16.87	76003	
SPL	INVOICE	12/04/2020	DC	Sales Income	182	-16.87	76003	0.37	45.59	
ENDTRNS	
TRNS	INVOICE	12/04/2020	Truck: 405-1489	Accounts Receivable	150	0	76004	
SPL	INVOICE	12/04/2020	H2	Sales Income	150	0.0	76004	0.72	0.0	
ENDTRNS	
TRNS	INVOICE	12/04/2020	Truck: 182	Accounts Receivable	182	26.9	76005	
SPL	INVOICE	12/04/2020	DC	Sales Income	182	-26.9	76005	0.59	45.59	
ENDTRNS	
TRNS	INVOICE	12/05/2020	Truck: 116	Accounts Receivable	154	0	76017	
SPL	INVOICE	12/05/2020	H2	Sales Income	154	0.0	76017	0.95	0.0	
ENDTRNS	
TRNS	INVOICE	12/05/2020	Truck: 154dirty	Accounts Receivable	154	0	76018	
SPL	INVOICE	12/05/2020	H2	Sales Income	154	0.0	76018	0.12	0.0	
ENDTRNS	
TRNS	INVOICE	12/05/2020	Truck: 182	Accounts Receivable	154	0	76019	
SPL	INVOICE	12/05/2020	H2	Sales Income	154	0.0	76019	1.32	0.0	
ENDTRNS	
TRNS	INVOICE	12/05/2020	Truck: 154burg	Accounts Receivable	154	0	76020	
SPL	INVOICE	12/05/2020	I-2	Sales Income	154	0.0	76020	0.18	0.0	
ENDTRNS	
TRNS	INVOICE	12/05/2020	Truck: 1822	Accounts Receivable	182	0	76021	
SPL	INVOICE	12/05/2020	H2	Sales Income	182	0.0	76021	0.32	0.0	
ENDTRNS	
TRNS	INVOICE	12/05/2020	Truck: 1829	Accounts Receivable	182	0	76022	
SPL	INVOICE	12/05/2020	H2	Sales Income	182	0.0	76022	0.05	0.0	
ENDTRNS	
TRNS	INVOICE	12/05/2020	Truck: 154	Accounts Receivable	154	0	76023	
SPL	INVOICE	12/05/2020	H-2	Sales Income	154	0.0	76023	1.01	0.0	
ENDTRNS	
TRNS	INVOICE	12/05/2020	Truck: 154	Accounts Receivable	154	0	76024	
SPL	INVOICE	12/05/2020	H-2	Sales Income	154	0.0	76024	0.01	0.0	
ENDTRNS	
TRNS	INVOICE	12/05/2020	Truck: 12271	Accounts Receivable	154	0	76025	
SPL	INVOICE	12/05/2020	H2	Sales Income	154	0.0	76025	0.33	0.0	
ENDTRNS	
TRNS	INVOICE	12/05/2020	Truck: gmc	Accounts Receivable	154	0	76026	
SPL	INVOICE	12/05/2020	I-2	Sales Income	154	0.0	76026	0.83	0.0	
ENDTRNS	
TRNS	INVOICE	12/05/2020	Truck: Ram	Accounts Receivable	154	0	76027	
SPL	INVOICE	12/05/2020	I-2	Sales Income	154	0.0	76027	0.84	0.0	
ENDTRNS	
TRNS	INVOICE	12/05/2020	Truck: Ram2	Accounts Receivable	154	0	76028	
SPL	INVOICE	12/05/2020	I-2	Sales Income	154	0.0	76028	0.41	0.0	
ENDTRNS	
TRNS	INVOICE	12/05/2020	Truck: 609	Accounts Receivable	182	12.77	76029	
SPL	INVOICE	12/05/2020	DC	Sales Income	182	-12.77	76029	0.28	45.61	
ENDTRNS	
TRNS	INVOICE	12/05/2020	Truck: Sunny	Accounts Receivable	154	0	76030	
SPL	INVOICE	12/05/2020	I-2	Sales Income	154	0.0	76030	7.88	0.0	
ENDTRNS	
TRNS	INVOICE	12/05/2020	Truck: 1969	Accounts Receivable	154	0	76031	
SPL	INVOICE	12/05/2020	H2	Sales Income	154	0.0	76031	0.04	0.0	
ENDTRNS	
TRNS	INVOICE	12/05/2020	Truck: 154counch	Accounts Receivable	154	0	76032	
SPL	INVOICE	12/05/2020	H2	Sales Income	154	0.0	76032	0.12	0.0	
ENDTRNS	
TRNS	INVOICE	12/05/2020	Truck: brntan	Accounts Receivable	154	0	76033	
SPL	INVOICE	12/05/2020	I-2	Sales Income	154	0.0	76033	0.32	0.0	
ENDTRNS	
TRNS	INVOICE	12/05/2020	Truck: 116	Accounts Receivable	154	0	76034	
SPL	INVOICE	12/05/2020	H2	Sales Income	154	0.0	76034	0.15	0.0	
ENDTRNS	
TRNS	INVOICE	12/05/2020	Truck: 62154	Accounts Receivable	154	0	76035	
SPL	INVOICE	12/05/2020	H2	Sales Income	154	0.0	76035	0.02	0.0	
ENDTRNS	
TRNS	INVOICE	12/05/2020	Truck: 354182	Accounts Receivable	182	8.21	76036	
SPL	INVOICE	12/05/2020	DC	Sales Income	182	-8.21	76036	0.18	45.61	
ENDTRNS	
TRNS	INVOICE	12/05/2020	Truck: 154	Accounts Receivable	154	0	76037	
SPL	INVOICE	12/05/2020	H-2	Sales Income	154	0.0	76037	0.39	0.0	
ENDTRNS	
TRNS	INVOICE	12/05/2020	Truck: 154mont	Accounts Receivable	154	0	76038	
SPL	INVOICE	12/05/2020	H2	Sales Income	154	0.0	76038	0.09	0.0	
ENDTRNS	
TRNS	INVOICE	12/05/2020	Truck: 1542	Accounts Receivable	154	0	76039	
SPL	INVOICE	12/05/2020	H2	Sales Income	154	0.0	76039	0.24	0.0	
ENDTRNS	
TRNS	INVOICE	12/05/2020	Truck: 154red	Accounts Receivable	154	0	76040	
SPL	INVOICE	12/05/2020	H2	Sales Income	154	0.0	76040	0.06	0.0	
ENDTRNS	
TRNS	INVOICE	12/11/2020	Truck: 182	Accounts Receivable	182	130.42	76278	
SPL	INVOICE	12/11/2020	DC	Sales Income	182	-130.42	76278	2.86	45.6	
ENDTRNS	
TRNS	INVOICE	12/11/2020	Truck: 369	Accounts Receivable	182	112.18	76279	
SPL	INVOICE	12/11/2020	DC	Sales Income	182	-112.18	76279	2.46	45.6	
ENDTRNS	
TRNS	INVOICE	12/11/2020	Truck: 154rusty	Accounts Receivable	154	0	76280	
SPL	INVOICE	12/11/2020	I-2	Sales Income	154	0.0	76280	0.06	0.0	
ENDTRNS	
TRNS	INVOICE	12/11/2020	Truck: 1675	Accounts Receivable	154	0	76281	
SPL	INVOICE	12/11/2020	H2	Sales Income	154	0.0	76281	0.34	0.0	
ENDTRNS	
TRNS	INVOICE	12/11/2020	Truck: 154davis	Accounts Receivable	154	0	76282	
SPL	INVOICE	12/11/2020	H2	Sales Income	154	0.0	76282	0.26	0.0	
ENDTRNS	
TRNS	INVOICE	12/11/2020	Truck: 154cowboy	Accounts Receivable	154	0	76283	
SPL	INVOICE	12/11/2020	H2	Sales Income	154	0.0	76283	0.09	0.0	
ENDTRNS	
TRNS	INVOICE	12/11/2020	Truck: 1920	Accounts Receivable	162	0	76284	
SPL	INVOICE	12/11/2020	H-2	Sales Income	162	0.0	76284	8.61	0.0	
ENDTRNS	
TRNS	INVOICE	12/11/2020	Truck: 154	Accounts Receivable	154	0	76285	
SPL	INVOICE	12/11/2020	I-2	Sales Income	154	0.0	76285	0.2	0.0	
ENDTRNS	
TRNS	INVOICE	12/11/2020	Truck: 79451	Accounts Receivable	154	0	76286	
SPL	INVOICE	12/11/2020	H2	Sales Income	154	0.0	76286	0.03	0.0	
ENDTRNS	
TRNS	INVOICE	12/11/2020	Truck: 182van	Accounts Receivable	182	32.83	76287	
SPL	INVOICE	12/11/2020	DC	Sales Income	182	-32.83	76287	0.72	45.6	
ENDTRNS	
TRNS	INVOICE	12/11/2020	Truck: 154red	Accounts Receivable	154	0	76288	
SPL	INVOICE	12/11/2020	I-2	Sales Income	154	0.0	76288	0.23	0.0	
ENDTRNS	
TRNS	INVOICE	12/11/2020	Truck: jee	Accounts Receivable	154	0	76289	
SPL	INVOICE	12/11/2020	H2	Sales Income	154	0.0	76289	0.09	0.0	
ENDTRNS	
TRNS	INVOICE	12/11/2020	Truck: blubo	Accounts Receivable	154	0	76290	
SPL	INVOICE	12/11/2020	I-2	Sales Income	154	0.0	76290	0.88	0.0	
ENDTRNS	
TRNS	INVOICE	12/11/2020	Truck: 1891	Accounts Receivable	173	0	76291	
SPL	INVOICE	12/11/2020	H-3	Sales Income	173	0.0	76291	24.68	0.0	
ENDTRNS	
TRNS	INVOICE	12/11/2020	Truck: 182	Accounts Receivable	182	10.94	76292	
SPL	INVOICE	12/11/2020	DC	Sales Income	182	-10.94	76292	0.24	45.58	
ENDTRNS	
TRNS	INVOICE	12/12/2020	Truck: 1547	Accounts Receivable	154	0	76309	
SPL	INVOICE	12/12/2020	H2	Sales Income	154	0.0	76309	0.07	0.0	
ENDTRNS	
TRNS	INVOICE	12/12/2020	Truck: 154grn	Accounts Receivable	154	0	76310	
SPL	INVOICE	12/12/2020	H2	Sales Income	154	0.0	76310	0.34	0.0	
ENDTRNS	
TRNS	INVOICE	12/12/2020	Truck: 193sky	Accounts Receivable	154	0	76311	
SPL	INVOICE	12/12/2020	H2	Sales Income	154	0.0	76311	0.17	0.0	
ENDTRNS	
TRNS	INVOICE	12/12/2020	Truck: 182	Accounts Receivable	182	0	76331	
SPL	INVOICE	12/12/2020	H2	Sales Income	182	0.0	76331	0.07	0.0	
ENDTRNS	
TRNS	INVOICE	12/12/2020	Truck: 1547	Accounts Receivable	154	0	76332	
SPL	INVOICE	12/12/2020	H2	Sales Income	154	0.0	76332	0.32	0.0	
ENDTRNS	
TRNS	INVOICE	12/12/2020	Truck: WHit	Accounts Receivable	154	0	76333	
SPL	INVOICE	12/12/2020	H2	Sales Income	154	0.0	76333	0.22	0.0	
ENDTRNS	
TRNS	INVOICE	12/12/2020	Truck: toc0ma	Accounts Receivable	154	0	76334	
SPL	INVOICE	12/12/2020	H2	Sales Income	154	0.0	76334	0.39	0.0	
ENDTRNS	
TRNS	INVOICE	12/12/2020	Truck: 183	Accounts Receivable	154	0	76335	
SPL	INVOICE	12/12/2020	H2	Sales Income	154	0.0	76335	3.97	0.0	
ENDTRNS	
TRNS	INVOICE	12/12/2020	Truck: 38154	Accounts Receivable	154	0	76336	
SPL	INVOICE	12/12/2020	H2	Sales Income	154	0.0	76336	0.15	0.0	
ENDTRNS	
TRNS	INVOICE	12/12/2020	Truck: 344154	Accounts Receivable	154	0	76337	
SPL	INVOICE	12/12/2020	H2	Sales Income	154	0.0	76337	0.11	0.0	
ENDTRNS	
TRNS	INVOICE	12/12/2020	Truck: 4x4	Accounts Receivable	154	0	76338	
SPL	INVOICE	12/12/2020	I-2	Sales Income	154	0.0	76338	0.65	0.0	
ENDTRNS	
TRNS	INVOICE	12/12/2020	Truck: 154diesel	Accounts Receivable	154	0	76339	
SPL	INVOICE	12/12/2020	H2	Sales Income	154	0.0	76339	1.25	0.0	
ENDTRNS	
TRNS	INVOICE	12/12/2020	Truck: jeeep	Accounts Receivable	154	0	76340	
SPL	INVOICE	12/12/2020	I-2	Sales Income	154	0.0	76340	0.91	0.0	
ENDTRNS	
TRNS	INVOICE	12/12/2020	Truck: 182	Accounts Receivable	182	43.78	76341	
SPL	INVOICE	12/12/2020	DC	Sales Income	182	-43.78	76341	0.96	45.6	
ENDTRNS	
TRNS	INVOICE	12/12/2020	Truck: bee smart	Accounts Receivable	238	20.98	76342	
SPL	INVOICE	12/12/2020	DC	Sales Income	238	-20.98	76342	0.46	45.61	
ENDTRNS	
TRNS	INVOICE	12/12/2020	Truck: Ram	Accounts Receivable	154	0	76343	
SPL	INVOICE	12/12/2020	I-2	Sales Income	154	0.0	76343	1.57	0.0	
ENDTRNS	
TRNS	INVOICE	12/12/2020	Truck: 810mob	Accounts Receivable	154	38.3	76344	
SPL	INVOICE	12/12/2020	DC	Sales Income	154	-38.3	76344	0.84	45.6	
ENDTRNS	
TRNS	INVOICE	12/12/2020	Truck: 185	Accounts Receivable	154	0	76345	
SPL	INVOICE	12/12/2020	H2	Sales Income	154	0.0	76345	0.33	0.0	
ENDTRNS	
TRNS	INVOICE	12/12/2020	Truck: 154	Accounts Receivable	154	0	76346	
SPL	INVOICE	12/12/2020	H-2	Sales Income	154	0.0	76346	0.15	0.0	
ENDTRNS	
TRNS	INVOICE	12/12/2020	Truck: 292154	Accounts Receivable	154	0	76347	
SPL	INVOICE	12/12/2020	H2	Sales Income	154	0.0	76347	0.57	0.0	
ENDTRNS	
TRNS	INVOICE	12/18/2020	Truck: 1541500	Accounts Receivable	154	0	76528	
SPL	INVOICE	12/18/2020	H2	Sales Income	154	0.0	76528	0.05	0.0	
ENDTRNS	
TRNS	INVOICE	12/18/2020	Truck: 154	Accounts Receivable	154	0	76529	
SPL	INVOICE	12/18/2020	H-2	Sales Income	154	0.0	76529	0.05	0.0	
ENDTRNS	
TRNS	INVOICE	12/18/2020	Truck: 182	Accounts Receivable	182	15.96	76530	
SPL	INVOICE	12/18/2020	DC	Sales Income	182	-15.96	76530	0.35	45.6	
ENDTRNS	
TRNS	INVOICE	12/18/2020	Truck: 1906	Accounts Receivable	162	0	76531	
SPL	INVOICE	12/18/2020	H-2	Sales Income	162	0.0	76531	8.35	0.0	
ENDTRNS	
TRNS	INVOICE	12/18/2020	Truck: 1895	Accounts Receivable	173	0	76532	
SPL	INVOICE	12/18/2020	H-3	Sales Income	173	0.0	76532	26.45	0.0	
ENDTRNS	
TRNS	INVOICE	12/18/2020	Truck: 154toy	Accounts Receivable	154	0	76533	
SPL	INVOICE	12/18/2020	I-2	Sales Income	154	0.0	76533	1.17	0.0	
ENDTRNS	
TRNS	INVOICE	12/18/2020	Truck: 182ram	Accounts Receivable	182	21.43	76534	
SPL	INVOICE	12/18/2020	DC	Sales Income	182	-21.43	76534	0.47	45.6	
ENDTRNS	
TRNS	INVOICE	12/18/2020	Truck: 154tahoe	Accounts Receivable	154	0	76535	
SPL	INVOICE	12/18/2020	I-2	Sales Income	154	0.0	76535	1.69	0.0	
ENDTRNS	
TRNS	INVOICE	12/18/2020	Truck: 182blk	Accounts Receivable	182	25.08	76536	
SPL	INVOICE	12/18/2020	DC	Sales Income	182	-25.08	76536	0.55	45.6	
ENDTRNS	
TRNS	INVOICE	12/18/2020	Truck: 182tune	Accounts Receivable	182	15.96	76537	
SPL	INVOICE	12/18/2020	DC	Sales Income	182	-15.96	76537	0.35	45.6	
ENDTRNS	
TRNS	INVOICE	12/18/2020	Truck: 182	Accounts Receivable	182	5.02	76539	
SPL	INVOICE	12/18/2020	DC	Sales Income	182	-5.02	76539	0.11	45.64	
ENDTRNS	
TRNS	INVOICE	12/19/2020	Truck: 154sie	Accounts Receivable	154	0	76569	
SPL	INVOICE	12/19/2020	H2	Sales Income	154	0.0	76569	0.1	0.0	
ENDTRNS	
TRNS	INVOICE	12/19/2020	Truck: 154power	Accounts Receivable	154	0	76570	
SPL	INVOICE	12/19/2020	H2	Sales Income	154	0.0	76570	0.32	0.0	
ENDTRNS	
TRNS	INVOICE	12/19/2020	Truck: 154z71	Accounts Receivable	154	0	76571	
SPL	INVOICE	12/19/2020	H2	Sales Income	154	0.0	76571	0.29	0.0	
ENDTRNS	
TRNS	INVOICE	12/19/2020	Truck: 154fx4	Accounts Receivable	154	0	76572	
SPL	INVOICE	12/19/2020	H2	Sales Income	154	0.0	76572	0.1	0.0	
ENDTRNS	
TRNS	INVOICE	12/19/2020	Truck: 182sturdi	Accounts Receivable	182	43.32	76573	
SPL	INVOICE	12/19/2020	DC	Sales Income	182	-43.32	76573	0.95	45.6	
ENDTRNS	
TRNS	INVOICE	12/19/2020	Truck: 154titan	Accounts Receivable	154	0	76574	
SPL	INVOICE	12/19/2020	H2	Sales Income	154	0.0	76574	0.36	0.0	
ENDTRNS	
TRNS	INVOICE	12/19/2020	Truck: 154fx4	Accounts Receivable	154	0	76575	
SPL	INVOICE	12/19/2020	H2	Sales Income	154	0.0	76575	0.11	0.0	
ENDTRNS	
TRNS	INVOICE	12/21/2020	Truck: 1902	Accounts Receivable	162	0	76624	
SPL	INVOICE	12/21/2020	H-2	Sales Income	162	0.0	76624	9.14	0.0	
ENDTRNS	
TRNS	INVOICE	12/21/2020	Truck: 154olford	Accounts Receivable	154	0	76625	
SPL	INVOICE	12/21/2020	H2	Sales Income	154	0.0	76625	0.08	0.0	
ENDTRNS	
TRNS	INVOICE	12/21/2020	Truck: 1891	Accounts Receivable	173	0	76626	
SPL	INVOICE	12/21/2020	H-3	Sales Income	173	0.0	76626	22.19	0.0	
ENDTRNS	
TRNS	INVOICE	12/21/2020	Truck: 1904	Accounts Receivable	162	0	76627	
SPL	INVOICE	12/21/2020	H-2	Sales Income	162	0.0	76627	4.98	0.0	
ENDTRNS	
TRNS	INVOICE	12/21/2020	Truck: 182	Accounts Receivable	120	84.82	76628	
SPL	INVOICE	12/21/2020	DC	Sales Income	120	-84.82	76628	1.86	45.6	
ENDTRNS	
TRNS	INVOICE	12/21/2020	Truck: 154f35	Accounts Receivable	154	0	76629	
SPL	INVOICE	12/21/2020	H2	Sales Income	154	0.0	76629	0.62	0.0	
ENDTRNS	
TRNS	INVOICE	12/21/2020	Truck: 1906	Accounts Receivable	162	0	76630	
SPL	INVOICE	12/21/2020	H-2	Sales Income	162	0.0	76630	9.17	0.0	
ENDTRNS	
TRNS	INVOICE	12/21/2020	Truck: 1921-O	Accounts Receivable	162	0	76631	
SPL	INVOICE	12/21/2020	H-2	Sales Income	162	0.0	76631	2.9	0.0	
ENDTRNS	
TRNS	INVOICE	12/21/2020	Truck: 154toy	Accounts Receivable	154	0	76632	
SPL	INVOICE	12/21/2020	I-2	Sales Income	154	0.0	76632	1.18	0.0	
ENDTRNS	
TRNS	INVOICE	12/21/2020	Truck: 154grwe	Accounts Receivable	154	0	76633	
SPL	INVOICE	12/21/2020	H2	Sales Income	154	0.0	76633	0.37	0.0	
ENDTRNS	
TRNS	INVOICE	12/21/2020	Truck: 1903	Accounts Receivable	162	0	76634	
SPL	INVOICE	12/21/2020	H-2	Sales Income	162	0.0	76634	6.3	0.0	
ENDTRNS	
TRNS	INVOICE	12/21/2020	Truck: 154joe	Accounts Receivable	154	0	76635	
SPL	INVOICE	12/21/2020	I-2	Sales Income	154	0.0	76635	2.11	0.0	
ENDTRNS	
TRNS	INVOICE	12/21/2020	Truck: 182dump	Accounts Receivable	182	30.1	76637	
SPL	INVOICE	12/21/2020	DC	Sales Income	182	-30.1	76637	0.66	45.61	
ENDTRNS	
TRNS	INVOICE	12/21/2020	Truck: 154duel	Accounts Receivable	154	0	76638	
SPL	INVOICE	12/21/2020	H2	Sales Income	154	0.0	76638	0.29	0.0	
ENDTRNS	
TRNS	INVOICE	12/22/2020	Truck: 1307	Accounts Receivable	240	203.83	76639	
SPL	INVOICE	12/22/2020	H1	Sales Income	240	-203.83	76639	4.47	45.6	
ENDTRNS	
TRNS	INVOICE	12/22/2020	Truck: 1891	Accounts Receivable	173	0	76640	
SPL	INVOICE	12/22/2020	H-3	Sales Income	173	0.0	76640	24.9	0.0	
ENDTRNS	
TRNS	INVOICE	12/22/2020	Truck: 154	Accounts Receivable	154	0	76641	
SPL	INVOICE	12/22/2020	I-2	Sales Income	154	0.0	76641	0.11	0.0	
ENDTRNS	
TRNS	INVOICE	12/22/2020	Truck: CoH2	Accounts Receivable	154	0	76642	
SPL	INVOICE	12/22/2020	I-2	Sales Income	154	0.0	76642	0.16	0.0	
ENDTRNS	
TRNS	INVOICE	12/01/2020	Truck: 154toy	Accounts Receivable	154	0	75860	
SPL	INVOICE	12/01/2020	H2	Sales Income	154	0.0	75860	0.11	0.0	
ENDTRNS	
TRNS	INVOICE	12/01/2020	Truck: 154burg	Accounts Receivable	154	0	75861	
SPL	INVOICE	12/01/2020	H2	Sales Income	154	0.0	75861	0.5	0.0	
ENDTRNS	
TRNS	INVOICE	12/01/2020	Truck: Car	Accounts Receivable	154	0	75862	
SPL	INVOICE	12/01/2020	H2	Sales Income	154	0.0	75862	0.74	0.0	
ENDTRNS	
TRNS	INVOICE	12/01/2020	Truck: focus	Accounts Receivable	154	0	75863	
SPL	INVOICE	12/01/2020	H2	Sales Income	154	0.0	75863	1.61	0.0	
ENDTRNS	
TRNS	INVOICE	12/01/2020	Truck: Rec	Accounts Receivable	154	0	75864	
SPL	INVOICE	12/01/2020	H2	Sales Income	154	0.0	75864	0.71	0.0	
ENDTRNS	
TRNS	INVOICE	12/01/2020	Truck: 154ram	Accounts Receivable	154	0	75865	
SPL	INVOICE	12/01/2020	H2	Sales Income	154	0.0	75865	0.22	0.0	
ENDTRNS	
TRNS	INVOICE	12/01/2020	Truck: Renee 2	Accounts Receivable	194	24.17	75866	
SPL	INVOICE	12/01/2020	H1	Sales Income	194	-24.17	75866	0.53	45.6	
ENDTRNS	
TRNS	INVOICE	12/01/2020	Truck: 1916	Accounts Receivable	162	0	75867	
SPL	INVOICE	12/01/2020	H-2	Sales Income	162	0.0	75867	10.33	0.0	
ENDTRNS	
TRNS	INVOICE	12/01/2020	Truck: 1891	Accounts Receivable	173	0	75868	
SPL	INVOICE	12/01/2020	H-3	Sales Income	173	0.0	75868	30.17	0.0	
ENDTRNS	
TRNS	INVOICE	12/01/2020	Truck: matt	Accounts Receivable	154	0	75869	
SPL	INVOICE	12/01/2020	H2	Sales Income	154	0.0	75869	0.62	0.0	
ENDTRNS	
TRNS	INVOICE	12/01/2020	Truck: duely	Accounts Receivable	154	0	75870	
SPL	INVOICE	12/01/2020	H2	Sales Income	154	0.0	75870	0.07	0.0	
ENDTRNS	
TRNS	INVOICE	12/01/2020	Truck: 154	Accounts Receivable	154	0	75871	
SPL	INVOICE	12/01/2020	H-2	Sales Income	154	0.0	75871	0.04	0.0	
ENDTRNS	
TRNS	INVOICE	12/01/2020	Truck: Silver	Accounts Receivable	154	0	75872	
SPL	INVOICE	12/01/2020	H2	Sales Income	154	0.0	75872	0.06	0.0	
ENDTRNS	
TRNS	INVOICE	12/01/2020	Truck: 182	Accounts Receivable	182	9.58	75873	
SPL	INVOICE	12/01/2020	H1	Sales Income	182	-9.58	75873	0.21	45.62	
ENDTRNS	
TRNS	INVOICE	12/01/2020	Truck: 1912 	Accounts Receivable	162	0	75874	
SPL	INVOICE	12/01/2020	H-2	Sales Income	162	0.0	75874	5.6	0.0	
ENDTRNS	
TRNS	INVOICE	12/01/2020	Truck: m0ss	Accounts Receivable	182	46.06	75875	
SPL	INVOICE	12/01/2020	H1	Sales Income	182	-46.06	75875	1.01	45.6	
ENDTRNS	
TRNS	INVOICE	12/01/2020	Truck: 1906	Accounts Receivable	162	0	75876	
SPL	INVOICE	12/01/2020	H-2	Sales Income	162	0.0	75876	11.78	0.0	
ENDTRNS	
TRNS	INVOICE	12/03/2020	Truck: 1921-C	Accounts Receivable	162	0	75942	
SPL	INVOICE	12/03/2020	H-2	Sales Income	162	0.0	75942	3.58	0.0	
ENDTRNS	
TRNS	INVOICE	12/03/2020	Truck: 154	Accounts Receivable	154	0	75961	
SPL	INVOICE	12/03/2020	H-2	Sales Income	154	0.0	75961	0.49	0.0	
ENDTRNS	
TRNS	INVOICE	12/03/2020	Truck: 154	Accounts Receivable	154	0	75962	
SPL	INVOICE	12/03/2020	W-1 (White Goods )	Sales Income	154	0.0	75962	0.47	0.0	
ENDTRNS	
TRNS	INVOICE	12/04/2020	Truck: 1706open	Accounts Receivable	240	51.98	75978	
SPL	INVOICE	12/04/2020	H1	Sales Income	240	-51.98	75978	1.14	45.6	
ENDTRNS	
TRNS	INVOICE	12/04/2020	Truck: 154honda	Accounts Receivable	154	0	75979	
SPL	INVOICE	12/04/2020	I-2	Sales Income	154	0.0	75979	0.13	0.0	
ENDTRNS	
TRNS	INVOICE	12/04/2020	Truck: 1910-R	Accounts Receivable	162	0	75980	
SPL	INVOICE	12/04/2020	Outgoing	Sales Income	162	0.0	75980	2.5	0.0	
ENDTRNS	
TRNS	INVOICE	12/04/2020	Truck: Co H 3	Accounts Receivable	154	0	75981	
SPL	INVOICE	12/04/2020	H-2	Sales Income	154	0.0	75981	0.24	0.0	
ENDTRNS	
TRNS	INVOICE	12/04/2020	Truck: 1904	Accounts Receivable	162	0	75982	
SPL	INVOICE	12/04/2020	H-2	Sales Income	162	0.0	75982	5.54	0.0	
ENDTRNS	
TRNS	INVOICE	12/04/2020	Truck: 182wchev	Accounts Receivable	182	22.34	75983	
SPL	INVOICE	12/04/2020	DC	Sales Income	182	-22.34	75983	0.49	45.59	
ENDTRNS	
TRNS	INVOICE	12/04/2020	Truck: 182f250	Accounts Receivable	182	37.39	75984	
SPL	INVOICE	12/04/2020	DC	Sales Income	182	-37.39	75984	0.82	45.6	
ENDTRNS	
TRNS	INVOICE	12/04/2020	Truck: 1902	Accounts Receivable	162	0	75985	
SPL	INVOICE	12/04/2020	H-2	Sales Income	162	0.0	75985	3.43	0.0	
ENDTRNS	
TRNS	INVOICE	12/04/2020	Truck: 1907	Accounts Receivable	162	0	75986	
SPL	INVOICE	12/04/2020	H-2	Sales Income	162	0.0	75986	5.44	0.0	
ENDTRNS	
TRNS	INVOICE	12/04/2020	Truck: 154ford	Accounts Receivable	154	0	75987	
SPL	INVOICE	12/04/2020	H2	Sales Income	154	0.0	75987	0.09	0.0	
ENDTRNS	
TRNS	INVOICE	12/04/2020	Truck: 154w	Accounts Receivable	154	0	75988	
SPL	INVOICE	12/04/2020	I-2	Sales Income	154	0.0	75988	0.48	0.0	
ENDTRNS	
TRNS	INVOICE	12/04/2020	Truck: 154jeff	Accounts Receivable	154	0	75989	
SPL	INVOICE	12/04/2020	H2	Sales Income	154	0.0	75989	0.21	0.0	
ENDTRNS	
TRNS	INVOICE	12/04/2020	Truck: 1706recycl	Accounts Receivable	240	75.24	75990	
SPL	INVOICE	12/04/2020	H1	Sales Income	240	-75.24	75990	1.65	45.6	
ENDTRNS	
TRNS	INVOICE	12/04/2020	Truck: 1910-I	Accounts Receivable	162	0	75991	
SPL	INVOICE	12/04/2020	H2	Sales Income	162	0.0	75991	2	0.0	
ENDTRNS	
TRNS	INVOICE	12/04/2020	Truck: 154kia	Accounts Receivable	154	0	75992	
SPL	INVOICE	12/04/2020	H2	Sales Income	154	0.0	75992	0.23	0.0	
ENDTRNS	
TRNS	INVOICE	12/04/2020	Truck: 1903	Accounts Receivable	162	0	75993	
SPL	INVOICE	12/04/2020	H-2	Sales Income	162	0.0	75993	5.26	0.0	
ENDTRNS	
TRNS	INVOICE	12/05/2020	Truck: 867154	Accounts Receivable	154	0	76041	
SPL	INVOICE	12/05/2020	H2	Sales Income	154	0.0	76041	0.11	0.0	
ENDTRNS	
TRNS	INVOICE	12/05/2020	Truck: 154grey	Accounts Receivable	154	0	76042	
SPL	INVOICE	12/05/2020	H2	Sales Income	154	0.0	76042	0.38	0.0	
ENDTRNS	
TRNS	INVOICE	12/05/2020	Truck: 154	Accounts Receivable	154	0	76043	
SPL	INVOICE	12/05/2020	I-2	Sales Income	154	0.0	76043	0.17	0.0	
ENDTRNS	
TRNS	INVOICE	12/05/2020	Truck: S10	Accounts Receivable	154	0	76044	
SPL	INVOICE	12/05/2020	H2	Sales Income	154	0.0	76044	0.06	0.0	
ENDTRNS	
TRNS	INVOICE	12/05/2020	Truck: 182	Accounts Receivable	182	25.99	76045	
SPL	INVOICE	12/05/2020	DC	Sales Income	182	-25.99	76045	0.57	45.6	
ENDTRNS	
TRNS	INVOICE	12/05/2020	Truck: 154	Accounts Receivable	154	0	76046	
SPL	INVOICE	12/05/2020	H-2	Sales Income	154	0.0	76046	1.27	0.0	
ENDTRNS	
TRNS	INVOICE	12/05/2020	Truck: 11547	Accounts Receivable	154	0	76047	
SPL	INVOICE	12/05/2020	H2	Sales Income	154	0.0	76047	0.33	0.0	
ENDTRNS	
TRNS	INVOICE	12/05/2020	Truck: 154toy	Accounts Receivable	154	0	76048	
SPL	INVOICE	12/05/2020	H2	Sales Income	154	0.0	76048	0.09	0.0	
ENDTRNS	
TRNS	INVOICE	12/05/2020	Truck: 810154	Accounts Receivable	154	0	76049	
SPL	INVOICE	12/05/2020	H2	Sales Income	154	0.0	76049	0.28	0.0	
ENDTRNS	
TRNS	INVOICE	12/05/2020	Truck: valero	Accounts Receivable	182	20.52	76050	
SPL	INVOICE	12/05/2020	DC	Sales Income	182	-20.52	76050	0.45	45.6	
ENDTRNS	
TRNS	INVOICE	12/05/2020	Truck: Car	Accounts Receivable	154	0	76051	
SPL	INVOICE	12/05/2020	I-2	Sales Income	154	0.0	76051	0.17	0.0	
ENDTRNS	
TRNS	INVOICE	12/05/2020	Truck: 182	Accounts Receivable	154	0	76052	
SPL	INVOICE	12/05/2020	H2	Sales Income	154	0.0	76052	0.08	0.0	
ENDTRNS	
TRNS	INVOICE	12/05/2020	Truck: 1549	Accounts Receivable	154	0	76053	
SPL	INVOICE	12/05/2020	H2	Sales Income	154	0.0	76053	2.24	0.0	
ENDTRNS	
TRNS	INVOICE	12/05/2020	Truck: 182183	Accounts Receivable	154	0	76054	
SPL	INVOICE	12/05/2020	H2	Sales Income	154	0.0	76054	0.09	0.0	
ENDTRNS	
TRNS	INVOICE	12/07/2020	Truck: 154	Accounts Receivable	236	0	76083	
SPL	INVOICE	12/07/2020	H-2	Sales Income	236	0.0	76083	0.6	0.0	
ENDTRNS	
TRNS	INVOICE	12/07/2020	Truck: 154bkc	Accounts Receivable	154	0	76084	
SPL	INVOICE	12/07/2020	H2	Sales Income	154	0.0	76084	0.11	0.0	
ENDTRNS	
TRNS	INVOICE	12/07/2020	Truck: 154van	Accounts Receivable	154	0	76085	
SPL	INVOICE	12/07/2020	I-2	Sales Income	154	0.0	76085	1.79	0.0	
ENDTRNS	
TRNS	INVOICE	12/07/2020	Truck: 154wchvy	Accounts Receivable	154	0	76086	
SPL	INVOICE	12/07/2020	H2	Sales Income	154	0.0	76086	0.58	0.0	
ENDTRNS	
TRNS	INVOICE	12/26/2020	Truck: 154	Accounts Receivable	154	0	76825	
SPL	INVOICE	12/26/2020	I-2	Sales Income	154	0.0	76825	0.69	0.0	
ENDTRNS	
TRNS	INVOICE	12/26/2020	Truck: 308154	Accounts Receivable	154	0	76826	
SPL	INVOICE	12/26/2020	H2	Sales Income	154	0.0	76826	0.09	0.0	
ENDTRNS	
TRNS	INVOICE	12/26/2020	Truck: JEEP	Accounts Receivable	154	0	76827	
SPL	INVOICE	12/26/2020	I-2	Sales Income	154	0.0	76827	0.85	0.0	
ENDTRNS	
TRNS	INVOICE	12/26/2020	Truck: 1542	Accounts Receivable	154	0	76828	
SPL	INVOICE	12/26/2020	H2	Sales Income	154	0.0	76828	0.73	0.0	
ENDTRNS	
TRNS	INVOICE	12/26/2020	Truck: BRUG	Accounts Receivable	154	0	76829	
SPL	INVOICE	12/26/2020	H2	Sales Income	154	0.0	76829	0.06	0.0	
ENDTRNS	
TRNS	INVOICE	12/26/2020	Truck: 150154	Accounts Receivable	154	0	76830	
SPL	INVOICE	12/26/2020	H2	Sales Income	154	0.0	76830	0.68	0.0	
ENDTRNS	
TRNS	INVOICE	12/26/2020	Truck: 1921-O	Accounts Receivable	162	0	76831	
SPL	INVOICE	12/26/2020	H-2	Sales Income	162	0.0	76831	2.53	0.0	
ENDTRNS	
TRNS	INVOICE	12/26/2020	Truck: 154	Accounts Receivable	154	0	76832	
SPL	INVOICE	12/26/2020	I-2	Sales Income	154	0.0	76832	0.62	0.0	
ENDTRNS	
TRNS	INVOICE	12/26/2020	Truck: 1542	Accounts Receivable	154	0	76833	
SPL	INVOICE	12/26/2020	H2	Sales Income	154	0.0	76833	0.16	0.0	
ENDTRNS	
TRNS	INVOICE	12/26/2020	Truck: 182	Accounts Receivable	182	22.8	76834	
SPL	INVOICE	12/26/2020	DC	Sales Income	182	-22.8	76834	0.5	45.6	
ENDTRNS	
TRNS	INVOICE	12/26/2020	Truck: BURG	Accounts Receivable	154	0	76835	
SPL	INVOICE	12/26/2020	H2	Sales Income	154	0.0	76835	0.18	0.0	
ENDTRNS	
TRNS	INVOICE	12/26/2020	Truck: ReD	Accounts Receivable	154	0	76836	
SPL	INVOICE	12/26/2020	H2	Sales Income	154	0.0	76836	0.03	0.0	
ENDTRNS	
TRNS	INVOICE	12/26/2020	Truck: 396154	Accounts Receivable	154	0	76837	
SPL	INVOICE	12/26/2020	H2	Sales Income	154	0.0	76837	1.34	0.0	
ENDTRNS	
TRNS	INVOICE	12/26/2020	Truck: 154	Accounts Receivable	154	0	76838	
SPL	INVOICE	12/26/2020	H-2	Sales Income	154	0.0	76838	4.21	0.0	
ENDTRNS	
TRNS	INVOICE	12/26/2020	Truck: 1921-I	Accounts Receivable	162	0	76839	
SPL	INVOICE	12/26/2020	I-2	Sales Income	162	0.0	76839	0.97	0.0	
ENDTRNS	
TRNS	INVOICE	12/26/2020	Truck: 182	Accounts Receivable	182	49.25	76840	
SPL	INVOICE	12/26/2020	DC	Sales Income	182	-49.25	76840	1.08	45.6	
ENDTRNS	
TRNS	INVOICE	12/26/2020	Truck: 154BOB	Accounts Receivable	154	0	76841	
SPL	INVOICE	12/26/2020	H2	Sales Income	154	0.0	76841	0.02	0.0	
ENDTRNS	
TRNS	INVOICE	12/28/2020	Truck: 1822	Accounts Receivable	182	20.52	76908	
SPL	INVOICE	12/28/2020	DC	Sales Income	182	-20.52	76908	0.45	45.6	
ENDTRNS	
TRNS	INVOICE	12/28/2020	Truck: 154wash	Accounts Receivable	154	0	76909	
SPL	INVOICE	12/28/2020	H2	Sales Income	154	0.0	76909	0.14	0.0	
ENDTRNS	
TRNS	INVOICE	12/28/2020	Truck: Renee 2	Accounts Receivable	194	7.3	76910	
SPL	INVOICE	12/28/2020	H1	Sales Income	194	-7.3	76910	0.16	45.62	
ENDTRNS	
TRNS	INVOICE	12/28/2020	Truck: 154blu	Accounts Receivable	154	0	76911	
SPL	INVOICE	12/28/2020	H2	Sales Income	154	0.0	76911	0.16	0.0	
ENDTRNS	
TRNS	INVOICE	12/28/2020	Truck: 1154blu2	Accounts Receivable	154	0	76912	
SPL	INVOICE	12/28/2020	H2	Sales Income	154	0.0	76912	0.07	0.0	
ENDTRNS	
TRNS	INVOICE	12/28/2020	Truck: 154box	Accounts Receivable	154	0	76913	
SPL	INVOICE	12/28/2020	H2	Sales Income	154	0.0	76913	0.06	0.0	
ENDTRNS	
TRNS	INVOICE	12/28/2020	Truck: 8519	Accounts Receivable	154	0	76914	
SPL	INVOICE	12/28/2020	H2	Sales Income	154	0.0	76914	0.35	0.0	
ENDTRNS	
TRNS	INVOICE	12/28/2020	Truck: 154red	Accounts Receivable	154	0	76915	
SPL	INVOICE	12/28/2020	I-2	Sales Income	154	0.0	76915	0.37	0.0	
ENDTRNS	
TRNS	INVOICE	12/28/2020	Truck: 1822	Accounts Receivable	154	0	76916	
SPL	INVOICE	12/28/2020	H2	Sales Income	154	0.0	76916	0.17	0.0	
ENDTRNS	
TRNS	INVOICE	12/28/2020	Truck: 1907	Accounts Receivable	162	0	76917	
SPL	INVOICE	12/28/2020	H-2	Sales Income	162	0.0	76917	13.2	0.0	
ENDTRNS	
TRNS	INVOICE	12/29/2020	Truck: 154	Accounts Receivable	154	0	76920	
SPL	INVOICE	12/29/2020	H-2	Sales Income	154	0.0	76920	0.05	0.0	
ENDTRNS	
TRNS	INVOICE	12/29/2020	Truck: 1895	Accounts Receivable	173	0	76921	
SPL	INVOICE	12/29/2020	H-3	Sales Income	173	0.0	76921	27.95	0.0	
ENDTRNS	
TRNS	INVOICE	12/29/2020	Truck: 154	Accounts Receivable	154	16.87	76922	
SPL	INVOICE	12/29/2020	H1	Sales Income	154	-16.87	76922	0.37	45.59	
ENDTRNS	
TRNS	INVOICE	12/29/2020	Truck: 405-1489	Accounts Receivable	150	0	76923	
SPL	INVOICE	12/29/2020	H2	Sales Income	150	0.0	76923	0.37	0.0	
ENDTRNS	
TRNS	INVOICE	12/29/2020	Truck: 154	Accounts Receivable	154	0	76924	
SPL	INVOICE	12/29/2020	H-2	Sales Income	154	0.0	76924	0.77	0.0	
ENDTRNS	
TRNS	INVOICE	12/29/2020	Truck: 182	Accounts Receivable	182	11.86	76925	
SPL	INVOICE	12/29/2020	DC	Sales Income	182	-11.86	76925	0.26	45.62	
ENDTRNS	
TRNS	INVOICE	12/29/2020	Truck: 182	Accounts Receivable	182	20.98	76926	
SPL	INVOICE	12/29/2020	DC	Sales Income	182	-20.98	76926	0.46	45.61	
ENDTRNS	
TRNS	INVOICE	12/29/2020	Truck: 154blue	Accounts Receivable	154	0	76927	
SPL	INVOICE	12/29/2020	H2	Sales Income	154	0.0	76927	0.05	0.0	
ENDTRNS	
