!TRNS	TRANSTYPE	DATE	MEMO	ACCNT	NAME	AMOUNT	DOCNUM	
!SPL	TRANSTYPE	DATE	MEMO	ACCNT	NAME	AMOUNT	DOCNUM	QNTY	PRICE	
!ENDTRNS	
TRNS	INVOICE	02/02/2022	Truck: 1001JCGCOM	Accounts Receivable	240	125.86	97657	
SPL	INVOICE	02/02/2022	H1	Sales Income	240	-125.86	97657	2.76	45.6	
ENDTRNS	
TRNS	INVOICE	02/02/2022	Truck: 154wf350/t	Accounts Receivable	154	0	97658	
SPL	INVOICE	02/02/2022	H2	Sales Income	154	0.0	97658	0.05	0.0	
ENDTRNS	
TRNS	INVOICE	02/02/2022	Truck: 154wf250	Accounts Receivable	154	0	97659	
SPL	INVOICE	02/02/2022	H2	Sales Income	154	0.0	97659	0.05	0.0	
ENDTRNS	
TRNS	INVOICE	02/02/2022	Truck: 2679	Accounts Receivable	173	0	97660	
SPL	INVOICE	02/02/2022	H-3	Sales Income	173	0.0	97660	29.28	0.0	
ENDTRNS	
TRNS	INVOICE	02/02/2022	Truck: 154wx31/t	Accounts Receivable	154	34.66	97661	
SPL	INVOICE	02/02/2022	DC	Sales Income	154	-34.66	97661	0.76	45.61	
ENDTRNS	
TRNS	INVOICE	02/02/2022	Truck: 154sc2500/	Accounts Receivable	182	26.45	97663	
SPL	INVOICE	02/02/2022	H1	Sales Income	182	-26.45	97663	0.58	45.6	
ENDTRNS	
TRNS	INVOICE	02/02/2022	Truck: 154bf150	Accounts Receivable	154	0	97664	
SPL	INVOICE	02/02/2022	I-2	Sales Income	154	0.0	97664	0.15	0.0	
ENDTRNS	
TRNS	INVOICE	02/02/2022	Truck: 154wf250/	Accounts Receivable	154	0	97665	
SPL	INVOICE	02/02/2022	I-2	Sales Income	154	0.0	97665	0.17	0.0	
ENDTRNS	
TRNS	INVOICE	02/02/2022	Truck: 154sf150	Accounts Receivable	154	0	97666	
SPL	INVOICE	02/02/2022	H2	Sales Income	154	0.0	97666	0.01	0.0	
ENDTRNS	
TRNS	INVOICE	02/02/2022	Truck: 14g1500	Accounts Receivable	154	0	97667	
SPL	INVOICE	02/02/2022	I-2	Sales Income	154	0.0	97667	0.12	0.0	
ENDTRNS	
TRNS	INVOICE	02/02/2022	Truck: 182davis	Accounts Receivable	182	56.09	97668	
SPL	INVOICE	02/02/2022	H1	Sales Income	182	-56.09	97668	1.23	45.6	
ENDTRNS	
TRNS	INVOICE	02/02/2022	Truck: 154wc3500/	Accounts Receivable	154	0	97669	
SPL	INVOICE	02/02/2022	H2	Sales Income	154	0.0	97669	0.17	0.0	
ENDTRNS	
TRNS	INVOICE	02/02/2022	Truck: 154mtita	Accounts Receivable	154	0	97670	
SPL	INVOICE	02/02/2022	I-2	Sales Income	154	0.0	97670	0.1	0.0	
ENDTRNS	
TRNS	INVOICE	02/02/2022	Truck: 154rf150/t	Accounts Receivable	154	0	97671	
SPL	INVOICE	02/02/2022	H2	Sales Income	154	0.0	97671	0.16	0.0	
ENDTRNS	
TRNS	INVOICE	02/02/2022	Truck: 154bf250	Accounts Receivable	154	0	97672	
SPL	INVOICE	02/02/2022	H2	Sales Income	154	0.0	97672	0.02	0.0	
ENDTRNS	
TRNS	INVOICE	02/02/2022	Truck: 154bccusto	Accounts Receivable	182	25.54	97673	
SPL	INVOICE	02/02/2022	DC	Sales Income	182	-25.54	97673	0.56	45.61	
ENDTRNS	
TRNS	INVOICE	02/02/2022	Truck: 154b150	Accounts Receivable	154	0	97674	
SPL	INVOICE	02/02/2022	I-2	Sales Income	154	0.0	97674	0.12	0.0	
ENDTRNS	
TRNS	INVOICE	02/02/2022	Truck: 154sf450	Accounts Receivable	154	0	97675	
SPL	INVOICE	02/02/2022	H2	Sales Income	154	0.0	97675	1.37	0.0	
ENDTRNS	
TRNS	INVOICE	02/02/2022	Truck: 154mc1500/	Accounts Receivable	154	0	97676	
SPL	INVOICE	02/02/2022	I-2	Sales Income	154	0.0	97676	0.23	0.0	
ENDTRNS	
TRNS	INVOICE	02/02/2022	Truck: 154gc2500	Accounts Receivable	154	0	97677	
SPL	INVOICE	02/02/2022	H2	Sales Income	154	0.0	97677	0.04	0.0	
ENDTRNS	
TRNS	INVOICE	02/02/2022	Truck: 154g450	Accounts Receivable	154	0	97678	
SPL	INVOICE	02/02/2022	H2	Sales Income	154	0.0	97678	0.11	0.0	
ENDTRNS	
TRNS	INVOICE	02/02/2022	Truck: 238	Accounts Receivable	238	17.78	97707	
SPL	INVOICE	02/02/2022	DC	Sales Income	238	-17.78	97707	0.39	45.59	
ENDTRNS	
TRNS	INVOICE	02/02/2022	Truck: 154bf150/t	Accounts Receivable	154	0	97708	
SPL	INVOICE	02/02/2022	H2	Sales Income	154	0.0	97708	0.42	0.0	
ENDTRNS	
TRNS	INVOICE	02/02/2022	Truck: 154stac	Accounts Receivable	154	0	97709	
SPL	INVOICE	02/02/2022	H2	Sales Income	154	0.0	97709	0.03	0.0	
ENDTRNS	
TRNS	INVOICE	02/03/2022	Truck: 1706JCGcom	Accounts Receivable	240	94.85	97710	
SPL	INVOICE	02/03/2022	H1	Sales Income	240	-94.85	97710	2.08	45.6	
ENDTRNS	
TRNS	INVOICE	02/03/2022	Truck: 154sc	Accounts Receivable	154	0	97711	
SPL	INVOICE	02/03/2022	H2	Sales Income	154	0.0	97711	0.12	0.0	
ENDTRNS	
TRNS	INVOICE	02/03/2022	Truck: 154sf250/t	Accounts Receivable	154	14.14	97712	
SPL	INVOICE	02/03/2022	DC	Sales Income	154	-14.14	97712	0.31	45.61	
ENDTRNS	
TRNS	INVOICE	02/03/2022	Truck: 154bf250	Accounts Receivable	154	0	97714	
SPL	INVOICE	02/03/2022	I-2	Sales Income	154	0.0	97714	0.11	0.0	
ENDTRNS	
TRNS	INVOICE	02/03/2022	Truck: 154blf250	Accounts Receivable	154	10.49	97715	
SPL	INVOICE	02/03/2022	DC	Sales Income	154	-10.49	97715	0.23	45.61	
ENDTRNS	
TRNS	INVOICE	02/03/2022	Truck: 154rsil/t	Accounts Receivable	154	0	97716	
SPL	INVOICE	02/03/2022	H2	Sales Income	154	0.0	97716	0.02	0.0	
ENDTRNS	
TRNS	INVOICE	02/03/2022	Truck: 1921-C	Accounts Receivable	162	0	97717	
SPL	INVOICE	02/03/2022	H-2	Sales Income	162	0.0	97717	6.72	0.0	
ENDTRNS	
TRNS	INVOICE	02/03/2022	Truck: 182sc2500/	Accounts Receivable	182	74.78	97718	
SPL	INVOICE	02/03/2022	H1	Sales Income	182	-74.78	97718	1.64	45.6	
ENDTRNS	
TRNS	INVOICE	02/03/2022	Truck: 154bcsil/t	Accounts Receivable	154	0	97719	
SPL	INVOICE	02/03/2022	H2	Sales Income	154	0.0	97719	0.14	0.0	
ENDTRNS	
TRNS	INVOICE	02/03/2022	Truck: 154wjeep/t	Accounts Receivable	154	0	97720	
SPL	INVOICE	02/03/2022	I-2	Sales Income	154	0.0	97720	0.14	0.0	
ENDTRNS	
TRNS	INVOICE	02/03/2022	Truck: 182wutil/t	Accounts Receivable	239	68.4	97721	
SPL	INVOICE	02/03/2022	DC	Sales Income	239	-68.4	97721	1.5	45.6	
ENDTRNS	
TRNS	INVOICE	02/03/2022	Truck: 2679	Accounts Receivable	173	0	97722	
SPL	INVOICE	02/03/2022	H-3	Sales Income	173	0.0	97722	27.57	0.0	
ENDTRNS	
TRNS	INVOICE	02/03/2022	Truck: Renne's 94	Accounts Receivable	194	32.83	97723	
SPL	INVOICE	02/03/2022	H1	Sales Income	194	-32.83	97723	0.72	45.6	
ENDTRNS	
TRNS	INVOICE	02/03/2022	Truck: 154gsilv	Accounts Receivable	154	0	97724	
SPL	INVOICE	02/03/2022	H2	Sales Income	154	0.0	97724	0.08	0.0	
ENDTRNS	
TRNS	INVOICE	02/03/2022	Truck: 154bram/t	Accounts Receivable	154	0	97725	
SPL	INVOICE	02/03/2022	H2	Sales Income	154	0.0	97725	0.79	0.0	
ENDTRNS	
TRNS	INVOICE	02/03/2022	Truck: 154wgmc	Accounts Receivable	154	5.47	97726	
SPL	INVOICE	02/03/2022	DC	Sales Income	154	-5.47	97726	0.12	45.58	
ENDTRNS	
TRNS	INVOICE	02/04/2022	Truck: 1001JCGCOM	Accounts Receivable	240	165.53	97762	
SPL	INVOICE	02/04/2022	H1	Sales Income	240	-165.53	97762	3.63	45.6	
ENDTRNS	
TRNS	INVOICE	02/04/2022	Truck: 182binther	Accounts Receivable	182	122.22	97763	
SPL	INVOICE	02/04/2022	I-1	Sales Income	182	-122.22	97763	6.79	18.0	
ENDTRNS	
TRNS	INVOICE	02/04/2022	Truck: 1921-O	Accounts Receivable	162	0	97764	
SPL	INVOICE	02/04/2022	H2	Sales Income	162	0.0	97764	0.31	0.0	
ENDTRNS	
TRNS	INVOICE	02/04/2022	Truck: 2679	Accounts Receivable	173	0	97765	
SPL	INVOICE	02/04/2022	H-3	Sales Income	173	0.0	97765	29.76	0.0	
ENDTRNS	
TRNS	INVOICE	02/04/2022	Truck: 1001JCG20y	Accounts Receivable	240	51.98	97767	
SPL	INVOICE	02/04/2022	H1	Sales Income	240	-51.98	97767	1.14	45.6	
ENDTRNS	
TRNS	INVOICE	02/04/2022	Truck: 154bfran/t	Accounts Receivable	154	0	97768	
SPL	INVOICE	02/04/2022	H2	Sales Income	154	0.0	97768	0.31	0.0	
ENDTRNS	
TRNS	INVOICE	02/04/2022	Truck: 154wjeep/	Accounts Receivable	154	0	97769	
SPL	INVOICE	02/04/2022	H2	Sales Income	154	0.0	97769	0.65	0.0	
ENDTRNS	
TRNS	INVOICE	02/04/2022	Truck: 154wram/t	Accounts Receivable	154	0	97770	
SPL	INVOICE	02/04/2022	H2	Sales Income	154	0.0	97770	0.5	0.0	
ENDTRNS	
TRNS	INVOICE	02/08/2022	Truck: 1001JCG20y	Accounts Receivable	240	56.54	97963	
SPL	INVOICE	02/08/2022	H1	Sales Income	240	-56.54	97963	1.24	45.6	
ENDTRNS	
TRNS	INVOICE	02/08/2022	Truck: 154mtund	Accounts Receivable	154	0	97964	
SPL	INVOICE	02/08/2022	H2	Sales Income	154	0.0	97964	0.08	0.0	
ENDTRNS	
TRNS	INVOICE	02/08/2022	Truck: 154wf350	Accounts Receivable	154	0	97965	
SPL	INVOICE	02/08/2022	H2	Sales Income	154	0.0	97965	0.02	0.0	
ENDTRNS	
TRNS	INVOICE	02/08/2022	Truck: 154van	Accounts Receivable	154	0	97966	
SPL	INVOICE	02/08/2022	H2	Sales Income	154	0.0	97966	0.18	0.0	
ENDTRNS	
TRNS	INVOICE	02/08/2022	Truck: 154bsuv	Accounts Receivable	154	0	97967	
SPL	INVOICE	02/08/2022	H2	Sales Income	154	0.0	97967	0.09	0.0	
ENDTRNS	
TRNS	INVOICE	02/08/2022	Truck: 154bf150	Accounts Receivable	154	0	97968	
SPL	INVOICE	02/08/2022	H2	Sales Income	154	0.0	97968	0.09	0.0	
ENDTRNS	
TRNS	INVOICE	02/08/2022	Truck: 154mtoy	Accounts Receivable	154	0	97969	
SPL	INVOICE	02/08/2022	H2	Sales Income	154	0.0	97969	0.05	0.0	
ENDTRNS	
TRNS	INVOICE	02/08/2022	Truck: 154bl	Accounts Receivable	154	0	97970	
SPL	INVOICE	02/08/2022	I-2	Sales Income	154	0.0	97970	0.12	0.0	
ENDTRNS	
TRNS	INVOICE	02/08/2022	Truck: PineMtWate	Accounts Receivable	159	0	97971	
SPL	INVOICE	02/08/2022	H2	Sales Income	159	0.0	97971	0.13	0.0	
ENDTRNS	
TRNS	INVOICE	02/08/2022	Truck: 154bjeep/	Accounts Receivable	154	0	97972	
SPL	INVOICE	02/08/2022	H2	Sales Income	154	0.0	97972	0.42	0.0	
ENDTRNS	
TRNS	INVOICE	02/08/2022	Truck: 154wrang	Accounts Receivable	154	0	97973	
SPL	INVOICE	02/08/2022	H2	Sales Income	154	0.0	97973	0.04	0.0	
ENDTRNS	
TRNS	INVOICE	02/08/2022	Truck: 154mf150/t	Accounts Receivable	154	0	97974	
SPL	INVOICE	02/08/2022	I-2	Sales Income	154	0.0	97974	0.16	0.0	
ENDTRNS	
TRNS	INVOICE	02/08/2022	Truck: 154yukon./	Accounts Receivable	154	0	97975	
SPL	INVOICE	02/08/2022	H2	Sales Income	154	0.0	97975	0.27	0.0	
ENDTRNS	
TRNS	INVOICE	02/08/2022	Truck: 238	Accounts Receivable	238	28.73	97976	
SPL	INVOICE	02/08/2022	DC	Sales Income	238	-28.73	97976	0.63	45.6	
ENDTRNS	
TRNS	INVOICE	02/08/2022	Truck: 1925	Accounts Receivable	162	0	97977	
SPL	INVOICE	02/08/2022	H-2	Sales Income	162	0.0	97977	7.66	0.0	
ENDTRNS	
TRNS	INVOICE	02/08/2022	Truck: 154bram150	Accounts Receivable	154	0	97978	
SPL	INVOICE	02/08/2022	H2	Sales Income	154	0.0	97978	0.05	0.0	
ENDTRNS	
TRNS	INVOICE	02/08/2022	Truck: 154wtund/t	Accounts Receivable	154	51.98	97979	
SPL	INVOICE	02/08/2022	DC	Sales Income	154	-51.98	97979	1.14	45.6	
ENDTRNS	
TRNS	INVOICE	02/08/2022	Truck: 154bc2500	Accounts Receivable	154	0	97980	
SPL	INVOICE	02/08/2022	H2	Sales Income	154	0.0	97980	0.14	0.0	
ENDTRNS	
TRNS	INVOICE	02/04/2022	Truck: 154g/t	Accounts Receivable	154	0	97771	
SPL	INVOICE	02/04/2022	H2	Sales Income	154	0.0	97771	0.01	0.0	
ENDTRNS	
TRNS	INVOICE	02/04/2022	Truck: 154wcz71	Accounts Receivable	154	0	97772	
SPL	INVOICE	02/04/2022	H2	Sales Income	154	0.0	97772	0.12	0.0	
ENDTRNS	
TRNS	INVOICE	02/04/2022	Truck: 1926-c	Accounts Receivable	162	0	97773	
SPL	INVOICE	02/04/2022	H-2	Sales Income	162	0.0	97773	6.5	0.0	
ENDTRNS	
TRNS	INVOICE	02/04/2022	Truck: 154rcsilv/	Accounts Receivable	154	0	97774	
SPL	INVOICE	02/04/2022	H2	Sales Income	154	0.0	97774	0.45	0.0	
ENDTRNS	
TRNS	INVOICE	02/04/2022	Truck: 154bcz71	Accounts Receivable	154	0	97775	
SPL	INVOICE	02/04/2022	H2	Sales Income	154	0.0	97775	0.27	0.0	
ENDTRNS	
TRNS	INVOICE	02/04/2022	Truck: 1926 C	Accounts Receivable	162	0	97776	
SPL	INVOICE	02/04/2022	H-2	Sales Income	162	0.0	97776	1.07	0.0	
ENDTRNS	
TRNS	INVOICE	02/04/2022	Truck: 1001CAL30	Accounts Receivable	240	41.95	97777	
SPL	INVOICE	02/04/2022	H1	Sales Income	240	-41.95	97777	0.92	45.6	
ENDTRNS	
TRNS	INVOICE	02/04/2022	Truck: 182davis	Accounts Receivable	182	23.71	97778	
SPL	INVOICE	02/04/2022	H1	Sales Income	182	-23.71	97778	0.52	45.6	
ENDTRNS	
TRNS	INVOICE	02/04/2022	Truck: 154sgmc/t	Accounts Receivable	182	11.4	97779	
SPL	INVOICE	02/04/2022	DC	Sales Income	182	-11.4	97779	0.25	45.6	
ENDTRNS	
TRNS	INVOICE	02/04/2022	Truck: 154stita	Accounts Receivable	154	0	97780	
SPL	INVOICE	02/04/2022	I-2	Sales Income	154	0.0	97780	0.2	0.0	
ENDTRNS	
TRNS	INVOICE	02/04/2022	Truck: 1905	Accounts Receivable	162	0	97781	
SPL	INVOICE	02/04/2022	H-2	Sales Income	162	0.0	97781	8.6	0.0	
ENDTRNS	
TRNS	INVOICE	02/05/2022	Truck: 154gf150	Accounts Receivable	154	10.03	97797	
SPL	INVOICE	02/05/2022	DC	Sales Income	154	-10.03	97797	0.22	45.59	
ENDTRNS	
TRNS	INVOICE	02/05/2022	Truck: 154mram150	Accounts Receivable	182	12.31	97798	
SPL	INVOICE	02/05/2022	DC	Sales Income	182	-12.31	97798	0.27	45.59	
ENDTRNS	
TRNS	INVOICE	02/05/2022	Truck: 154wsilv/t	Accounts Receivable	154	0	97799	
SPL	INVOICE	02/05/2022	I-2	Sales Income	154	0.0	97799	0.35	0.0	
ENDTRNS	
TRNS	INVOICE	02/05/2022	Truck: 154rf250	Accounts Receivable	154	0	97800	
SPL	INVOICE	02/05/2022	H2	Sales Income	154	0.0	97800	0.11	0.0	
ENDTRNS	
TRNS	INVOICE	02/05/2022	Truck: 154wtitan	Accounts Receivable	154	0	97801	
SPL	INVOICE	02/05/2022	H2	Sales Income	154	0.0	97801	0.03	0.0	
ENDTRNS	
TRNS	INVOICE	02/05/2022	Truck: 154jeep/t	Accounts Receivable	154	0	97802	
SPL	INVOICE	02/05/2022	H2	Sales Income	154	0.0	97802	0.23	0.0	
ENDTRNS	
TRNS	INVOICE	02/08/2022	Truck: 154gfront	Accounts Receivable	154	0	97999	
SPL	INVOICE	02/08/2022	H2	Sales Income	154	0.0	97999	0.11	0.0	
ENDTRNS	
TRNS	INVOICE	02/08/2022	Truck: 1906	Accounts Receivable	162	0	98000	
SPL	INVOICE	02/08/2022	H-2	Sales Income	162	0.0	98000	9.35	0.0	
ENDTRNS	
TRNS	INVOICE	02/08/2022	Truck: 154btac	Accounts Receivable	154	0	98001	
SPL	INVOICE	02/08/2022	I-2	Sales Income	154	0.0	98001	0.11	0.0	
ENDTRNS	
TRNS	INVOICE	02/08/2022	Truck: 154sil	Accounts Receivable	154	0	98002	
SPL	INVOICE	02/08/2022	H2	Sales Income	154	0.0	98002	0.44	0.0	
ENDTRNS	
TRNS	INVOICE	02/08/2022	Truck: 154stac	Accounts Receivable	154	0	98003	
SPL	INVOICE	02/08/2022	H2	Sales Income	154	0.0	98003	0.12	0.0	
ENDTRNS	
TRNS	INVOICE	02/08/2022	Truck: 2679	Accounts Receivable	173	0	98004	
SPL	INVOICE	02/08/2022	H-3	Sales Income	173	0.0	98004	33.1	0.0	
ENDTRNS	
TRNS	INVOICE	02/08/2022	Truck: 154bf150	Accounts Receivable	154	0	98005	
SPL	INVOICE	02/08/2022	H2	Sales Income	154	0.0	98005	0.04	0.0	
ENDTRNS	
TRNS	INVOICE	02/08/2022	Truck: 154bc1500	Accounts Receivable	154	0	98006	
SPL	INVOICE	02/08/2022	H2	Sales Income	154	0.0	98006	0.02	0.0	
ENDTRNS	
TRNS	INVOICE	02/08/2022	Truck: 154wfrang	Accounts Receivable	154	0	98008	
SPL	INVOICE	02/08/2022	H2	Sales Income	154	0.0	98008	0.15	0.0	
ENDTRNS	
TRNS	INVOICE	02/08/2022	Truck: 154wd/t	Accounts Receivable	154	8.64	98009	
SPL	INVOICE	02/08/2022	I-1	Sales Income	154	-8.64	98009	0.48	18.0	
ENDTRNS	
TRNS	INVOICE	02/08/2022	Truck: 154sch	Accounts Receivable	154	0	98010	
SPL	INVOICE	02/08/2022	H2	Sales Income	154	0.0	98010	0.11	0.0	
ENDTRNS	
TRNS	INVOICE	02/08/2022	Truck: 154wram/t	Accounts Receivable	154	74.33	98011	
SPL	INVOICE	02/08/2022	DC	Sales Income	154	-74.33	98011	1.63	45.6	
ENDTRNS	
TRNS	INVOICE	02/09/2022	Truck: 1706JCGcom	Accounts Receivable	240	93.94	98012	
SPL	INVOICE	02/09/2022	H1	Sales Income	240	-93.94	98012	2.06	45.6	
ENDTRNS	
TRNS	INVOICE	02/09/2022	Truck: 154sf150	Accounts Receivable	154	0	98013	
SPL	INVOICE	02/09/2022	H2	Sales Income	154	0.0	98013	0.08	0.0	
ENDTRNS	
TRNS	INVOICE	02/09/2022	Truck: 182h&H	Accounts Receivable	182	0	98014	
SPL	INVOICE	02/09/2022	DC	Sales Income	182	0.0	98014	0.3	0.0	
ENDTRNS	
TRNS	INVOICE	02/09/2022	Truck: 154f250	Accounts Receivable	154	6.38	98015	
SPL	INVOICE	02/09/2022	DC	Sales Income	154	-6.38	98015	0.14	45.57	
ENDTRNS	
TRNS	INVOICE	02/09/2022	Truck: 154wutil/t	Accounts Receivable	182	10.49	98016	
SPL	INVOICE	02/09/2022	DC	Sales Income	182	-10.49	98016	0.23	45.61	
ENDTRNS	
TRNS	INVOICE	02/05/2022	Truck: 154bgmc/t	Accounts Receivable	154	0	97803	
SPL	INVOICE	02/05/2022	H2	Sales Income	154	0.0	97803	1.89	0.0	
ENDTRNS	
TRNS	INVOICE	02/07/2022	Truck: 154tacoma	Accounts Receivable	154	0	97884	
SPL	INVOICE	02/07/2022	H2	Sales Income	154	0.0	97884	0.15	0.0	
ENDTRNS	
TRNS	INVOICE	02/07/2022	Truck: 1001JCG20y	Accounts Receivable	240	278.62	97885	
SPL	INVOICE	02/07/2022	H1	Sales Income	240	-278.62	97885	6.11	45.6	
ENDTRNS	
TRNS	INVOICE	02/07/2022	Truck: 1921-O	Accounts Receivable	162	0	97886	
SPL	INVOICE	02/07/2022	H-2	Sales Income	162	0.0	97886	1.69	0.0	
ENDTRNS	
TRNS	INVOICE	02/07/2022	Truck: 1544x4	Accounts Receivable	154	0	97887	
SPL	INVOICE	02/07/2022	H2	Sales Income	154	0.0	97887	0.32	0.0	
ENDTRNS	
TRNS	INVOICE	02/07/2022	Truck: 154bur150	Accounts Receivable	154	0	97888	
SPL	INVOICE	02/07/2022	I-2	Sales Income	154	0.0	97888	0.35	0.0	
ENDTRNS	
TRNS	INVOICE	02/07/2022	Truck: 182silduel	Accounts Receivable	182	46.06	97889	
SPL	INVOICE	02/07/2022	DC	Sales Income	182	-46.06	97889	1.01	45.6	
ENDTRNS	
TRNS	INVOICE	02/07/2022	Truck: 154grychev	Accounts Receivable	154	0	97890	
SPL	INVOICE	02/07/2022	I-2	Sales Income	154	0.0	97890	0.18	0.0	
ENDTRNS	
TRNS	INVOICE	02/07/2022	Truck: 154grtit	Accounts Receivable	154	0	97891	
SPL	INVOICE	02/07/2022	H2	Sales Income	154	0.0	97891	0.15	0.0	
ENDTRNS	
TRNS	INVOICE	02/07/2022	Truck: 182BSMART	Accounts Receivable	238	7.3	97892	
SPL	INVOICE	02/07/2022	DC	Sales Income	238	-7.3	97892	0.16	45.62	
ENDTRNS	
TRNS	INVOICE	02/07/2022	Truck: 154WSIL	Accounts Receivable	154	0	97893	
SPL	INVOICE	02/07/2022	H2	Sales Income	154	0.0	97893	0.22	0.0	
ENDTRNS	
TRNS	INVOICE	02/07/2022	Truck: 154GRY150	Accounts Receivable	154	155.95	97894	
SPL	INVOICE	02/07/2022	H2	Sales Income	154	-155.95	97894	3.42	45.6	
ENDTRNS	
TRNS	INVOICE	02/07/2022	Truck: 154GRAM	Accounts Receivable	154	0	97895	
SPL	INVOICE	02/07/2022	H2	Sales Income	154	0.0	97895	1.72	0.0	
ENDTRNS	
TRNS	INVOICE	02/07/2022	Truck: 1921-C	Accounts Receivable	162	0	97896	
SPL	INVOICE	02/07/2022	H-2	Sales Income	162	0.0	97896	7.01	0.0	
ENDTRNS	
TRNS	INVOICE	02/07/2022	Truck: 154G150	Accounts Receivable	154	0	97897	
SPL	INVOICE	02/07/2022	H2	Sales Income	154	0.0	97897	0.12	0.0	
ENDTRNS	
TRNS	INVOICE	02/07/2022	Truck: Renne's 94	Accounts Receivable	194	29.64	97898	
SPL	INVOICE	02/07/2022	H1	Sales Income	194	-29.64	97898	0.65	45.6	
ENDTRNS	
TRNS	INVOICE	02/07/2022	Truck: 154OUTDOOR	Accounts Receivable	154	0	97899	
SPL	INVOICE	02/07/2022	H2	Sales Income	154	0.0	97899	0.73	0.0	
ENDTRNS	
TRNS	INVOICE	02/08/2022	Truck: 2679	Accounts Receivable	173	0	97981	
SPL	INVOICE	02/08/2022	H-3	Sales Income	173	0.0	97981	26.7	0.0	
ENDTRNS	
TRNS	INVOICE	02/08/2022	Truck: 154bf150	Accounts Receivable	154	0	97982	
SPL	INVOICE	02/08/2022	H2	Sales Income	154	0.0	97982	0.04	0.0	
ENDTRNS	
TRNS	INVOICE	02/08/2022	Truck: 154bcadi/t	Accounts Receivable	154	0	97983	
SPL	INVOICE	02/08/2022	H2	Sales Income	154	0.0	97983	0.1	0.0	
ENDTRNS	
TRNS	INVOICE	02/08/2022	Truck: 154mram	Accounts Receivable	154	0	97984	
SPL	INVOICE	02/08/2022	H2	Sales Income	154	0.0	97984	0.05	0.0	
ENDTRNS	
TRNS	INVOICE	02/08/2022	Truck: 154bgmc	Accounts Receivable	154	0	97985	
SPL	INVOICE	02/08/2022	I-2	Sales Income	154	0.0	97985	0.28	0.0	
ENDTRNS	
TRNS	INVOICE	02/08/2022	Truck: 154btacom	Accounts Receivable	154	0	97986	
SPL	INVOICE	02/08/2022	I-2	Sales Income	154	0.0	97986	0.1	0.0	
ENDTRNS	
TRNS	INVOICE	02/08/2022	Truck: 154bccolor	Accounts Receivable	154	0	97987	
SPL	INVOICE	02/08/2022	H2	Sales Income	154	0.0	97987	0.05	0.0	
ENDTRNS	
TRNS	INVOICE	02/08/2022	Truck: 1924	Accounts Receivable	162	0	97988	
SPL	INVOICE	02/08/2022	H-2	Sales Income	162	0.0	97988	7.07	0.0	
ENDTRNS	
TRNS	INVOICE	02/08/2022	Truck: 1923	Accounts Receivable	162	0	97989	
SPL	INVOICE	02/08/2022	H-2	Sales Income	162	0.0	97989	9.88	0.0	
ENDTRNS	
TRNS	INVOICE	02/08/2022	Truck: 1905	Accounts Receivable	162	0	97990	
SPL	INVOICE	02/08/2022	H-2	Sales Income	162	0.0	97990	8.34	0.0	
ENDTRNS	
TRNS	INVOICE	02/08/2022	Truck: 154mcz71	Accounts Receivable	154	0	97991	
SPL	INVOICE	02/08/2022	H2	Sales Income	154	0.0	97991	0.04	0.0	
ENDTRNS	
TRNS	INVOICE	02/08/2022	Truck: 154bc2500	Accounts Receivable	154	0	97992	
SPL	INVOICE	02/08/2022	I-2	Sales Income	154	0.0	97992	0.47	0.0	
ENDTRNS	
TRNS	INVOICE	02/08/2022	Truck: 154wtundr	Accounts Receivable	154	6.84	97993	
SPL	INVOICE	02/08/2022	DC	Sales Income	154	-6.84	97993	0.15	45.6	
ENDTRNS	
TRNS	INVOICE	02/08/2022	Truck: 154gtac	Accounts Receivable	154	0	97994	
SPL	INVOICE	02/08/2022	H2	Sales Income	154	0.0	97994	0.06	0.0	
ENDTRNS	
TRNS	INVOICE	02/08/2022	Truck: 1925	Accounts Receivable	162	0	97995	
SPL	INVOICE	02/08/2022	H-2	Sales Income	162	0.0	97995	2.95	0.0	
ENDTRNS	
TRNS	INVOICE	02/08/2022	Truck: ABC	Accounts Receivable	243	0	97996	
SPL	INVOICE	02/08/2022	H-4	Sales Income	243	0.0	97996	8.54	0.0	
ENDTRNS	
TRNS	INVOICE	02/08/2022	Truck: 1907	Accounts Receivable	162	0	97998	
SPL	INVOICE	02/08/2022	H-2	Sales Income	162	0.0	97998	8.84	0.0	
ENDTRNS	
TRNS	INVOICE	02/07/2022	Truck: 154GCOL	Accounts Receivable	154	0	97900	
SPL	INVOICE	02/07/2022	H2	Sales Income	154	0.0	97900	0.06	0.0	
ENDTRNS	
TRNS	INVOICE	02/07/2022	Truck: 1925	Accounts Receivable	162	0	97901	
SPL	INVOICE	02/07/2022	H-2	Sales Income	162	0.0	97901	4.67	0.0	
ENDTRNS	
TRNS	INVOICE	02/07/2022	Truck: 154BMUSTA	Accounts Receivable	154	0	97902	
SPL	INVOICE	02/07/2022	H2	Sales Income	154	0.0	97902	0	0.0	
ENDTRNS	
TRNS	INVOICE	02/07/2022	Truck: 154GRYCHEV	Accounts Receivable	154	0	97903	
SPL	INVOICE	02/07/2022	H2	Sales Income	154	0.0	97903	0.39	0.0	
ENDTRNS	
TRNS	INVOICE	02/07/2022	Truck: 154GTAC	Accounts Receivable	154	0	97904	
SPL	INVOICE	02/07/2022	I-2	Sales Income	154	0.0	97904	0.81	0.0	
ENDTRNS	
TRNS	INVOICE	02/07/2022	Truck: 154GTITAN	Accounts Receivable	154	0	97905	
SPL	INVOICE	02/07/2022	H2	Sales Income	154	0.0	97905	0.12	0.0	
ENDTRNS	
TRNS	INVOICE	02/07/2022	Truck: CoH2	Accounts Receivable	154	0	97906	
SPL	INVOICE	02/07/2022	I-2	Sales Income	154	0.0	97906	0.28	0.0	
ENDTRNS	
TRNS	INVOICE	02/07/2022	Truck: 154BUR150	Accounts Receivable	154	0	97907	
SPL	INVOICE	02/07/2022	I-2	Sales Income	154	0.0	97907	0.23	0.0	
ENDTRNS	
TRNS	INVOICE	02/07/2022	Truck: 154RDUTIL	Accounts Receivable	154	0	97908	
SPL	INVOICE	02/07/2022	H2	Sales Income	154	0.0	97908	0.32	0.0	
ENDTRNS	
TRNS	INVOICE	02/07/2022	Truck: 182TRD	Accounts Receivable	182	46.06	97909	
SPL	INVOICE	02/07/2022	DC	Sales Income	182	-46.06	97909	1.01	45.6	
ENDTRNS	
TRNS	INVOICE	02/07/2022	Truck: 154WDEN	Accounts Receivable	154	17.78	97910	
SPL	INVOICE	02/07/2022	H2	Sales Income	154	-17.78	97910	0.39	45.59	
ENDTRNS	
TRNS	INVOICE	02/07/2022	Truck: 154WTAC	Accounts Receivable	154	0	97911	
SPL	INVOICE	02/07/2022	H2	Sales Income	154	0.0	97911	0.02	0.0	
ENDTRNS	
TRNS	INVOICE	02/07/2022	Truck: 154WRAN	Accounts Receivable	154	0	97912	
SPL	INVOICE	02/07/2022	H2	Sales Income	154	0.0	97912	0.03	0.0	
ENDTRNS	
TRNS	INVOICE	02/07/2022	Truck: 154YAN	Accounts Receivable	154	0	97913	
SPL	INVOICE	02/07/2022	H2	Sales Income	154	0.0	97913	0.35	0.0	
ENDTRNS	
TRNS	INVOICE	02/07/2022	Truck: 1921-O	Accounts Receivable	162	0	97914	
SPL	INVOICE	02/07/2022	H-2	Sales Income	162	0.0	97914	3.05	0.0	
ENDTRNS	
TRNS	INVOICE	02/07/2022	Truck: 154GNIS	Accounts Receivable	154	0	97915	
SPL	INVOICE	02/07/2022	H2	Sales Income	154	0.0	97915	0.02	0.0	
ENDTRNS	
TRNS	INVOICE	02/09/2022	Truck: 182hrs	Accounts Receivable	154	0	98017	
SPL	INVOICE	02/09/2022	W-2 (White Goods)	Sales Income	154	0.0	98017	0.08	0.0	
ENDTRNS	
TRNS	INVOICE	02/10/2022	Truck: 154wf150	Accounts Receivable	154	0	98084	
SPL	INVOICE	02/10/2022	H2	Sales Income	154	0.0	98084	0.19	0.0	
ENDTRNS	
TRNS	INVOICE	02/10/2022	Truck: 154sf150	Accounts Receivable	154	0	98086	
SPL	INVOICE	02/10/2022	H2	Sales Income	154	0.0	98086	0.05	0.0	
ENDTRNS	
TRNS	INVOICE	02/10/2022	Truck: 154bc350	Accounts Receivable	154	0	98087	
SPL	INVOICE	02/10/2022	H2	Sales Income	154	0.0	98087	0.06	0.0	
ENDTRNS	
TRNS	INVOICE	02/10/2022	Truck: 2679	Accounts Receivable	173	0	98088	
SPL	INVOICE	02/10/2022	H-3	Sales Income	173	0.0	98088	22.45	0.0	
ENDTRNS	
TRNS	INVOICE	02/10/2022	Truck: 154rram/t	Accounts Receivable	154	0	98089	
SPL	INVOICE	02/10/2022	H2	Sales Income	154	0.0	98089	1.39	0.0	
ENDTRNS	
TRNS	INVOICE	02/10/2022	Truck: 154bf150	Accounts Receivable	154	0	98090	
SPL	INVOICE	02/10/2022	H2	Sales Income	154	0.0	98090	0.05	0.0	
ENDTRNS	
TRNS	INVOICE	02/10/2022	Truck: 154wrange	Accounts Receivable	154	0	98091	
SPL	INVOICE	02/10/2022	I-2	Sales Income	154	0.0	98091	0.24	0.0	
ENDTRNS	
TRNS	INVOICE	02/10/2022	Truck: 154rfran	Accounts Receivable	154	0	98092	
SPL	INVOICE	02/10/2022	H2	Sales Income	154	0.0	98092	0.03	0.0	
ENDTRNS	
TRNS	INVOICE	02/10/2022	Truck: 1906	Accounts Receivable	162	0	98093	
SPL	INVOICE	02/10/2022	H-2	Sales Income	162	0.0	98093	6.72	0.0	
ENDTRNS	
TRNS	INVOICE	02/10/2022	Truck: 154BF150/T	Accounts Receivable	154	0	98094	
SPL	INVOICE	02/10/2022	H2	Sales Income	154	0.0	98094	0.24	0.0	
ENDTRNS	
TRNS	INVOICE	02/10/2022	Truck: 1 2 3	Accounts Receivable	154	0	98095	
SPL	INVOICE	02/10/2022	H-2	Sales Income	154	0.0	98095	1.5	0.0	
ENDTRNS	
TRNS	INVOICE	02/10/2022	Truck: 154rrang	Accounts Receivable	154	5.02	98096	
SPL	INVOICE	02/10/2022	DC	Sales Income	154	-5.02	98096	0.11	45.64	
ENDTRNS	
TRNS	INVOICE	02/10/2022	Truck: 182rf150/t	Accounts Receivable	182	47.52	98097	
SPL	INVOICE	02/10/2022	I-1	Sales Income	182	-47.52	98097	2.64	18.0	
ENDTRNS	
TRNS	INVOICE	02/10/2022	Truck: 182bram/t	Accounts Receivable	182	62.1	98098	
SPL	INVOICE	02/10/2022	I-1	Sales Income	182	-62.1	98098	3.45	18.0	
ENDTRNS	
TRNS	INVOICE	02/10/2022	Truck: 1924	Accounts Receivable	162	0	98099	
SPL	INVOICE	02/10/2022	H-2	Sales Income	162	0.0	98099	5.12	0.0	
ENDTRNS	
TRNS	INVOICE	02/10/2022	Truck: 154gf150	Accounts Receivable	154	0	98100	
SPL	INVOICE	02/10/2022	H2	Sales Income	154	0.0	98100	0.13	0.0	
ENDTRNS	
TRNS	INVOICE	02/10/2022	Truck: 1923	Accounts Receivable	162	0	98101	
SPL	INVOICE	02/10/2022	H-2	Sales Income	162	0.0	98101	7.54	0.0	
ENDTRNS	
TRNS	INVOICE	02/11/2022	Truck: 154rf150	Accounts Receivable	154	0	98146	
SPL	INVOICE	02/11/2022	I-2	Sales Income	154	0.0	98146	0.1	0.0	
ENDTRNS	
TRNS	INVOICE	02/11/2022	Truck: 1921-I	Accounts Receivable	162	0	98147	
SPL	INVOICE	02/11/2022	I-2	Sales Income	162	0.0	98147	2.91	0.0	
ENDTRNS	
TRNS	INVOICE	02/11/2022	Truck: 154wgmc	Accounts Receivable	154	0	98148	
SPL	INVOICE	02/11/2022	H2	Sales Income	154	0.0	98148	0.14	0.0	
ENDTRNS	
TRNS	INVOICE	02/11/2022	Truck: 154bc2500	Accounts Receivable	154	0	98149	
SPL	INVOICE	02/11/2022	H2	Sales Income	154	0.0	98149	0.24	0.0	
ENDTRNS	
TRNS	INVOICE	02/11/2022	Truck: 154gjeep/t	Accounts Receivable	154	0	98150	
SPL	INVOICE	02/11/2022	H2	Sales Income	154	0.0	98150	0.13	0.0	
ENDTRNS	
TRNS	INVOICE	02/11/2022	Truck: 154wd/t	Accounts Receivable	154	0	98151	
SPL	INVOICE	02/11/2022	H2	Sales Income	154	0.0	98151	0.89	0.0	
ENDTRNS	
TRNS	INVOICE	02/11/2022	Truck: 154ssilve	Accounts Receivable	154	0	98152	
SPL	INVOICE	02/11/2022	H2	Sales Income	154	0.0	98152	0.12	0.0	
ENDTRNS	
TRNS	INVOICE	02/11/2022	Truck: 154blgmc	Accounts Receivable	154	0	98153	
SPL	INVOICE	02/11/2022	I-2	Sales Income	154	0.0	98153	0.09	0.0	
ENDTRNS	
TRNS	INVOICE	02/11/2022	Truck: 154taval	Accounts Receivable	154	0	98154	
SPL	INVOICE	02/11/2022	H2	Sales Income	154	0.0	98154	0.02	0.0	
ENDTRNS	
TRNS	INVOICE	02/11/2022	Truck: 154bf150	Accounts Receivable	154	0	98155	
SPL	INVOICE	02/11/2022	H2	Sales Income	154	0.0	98155	0.15	0.0	
ENDTRNS	
TRNS	INVOICE	02/11/2022	Truck: 154wf150/t	Accounts Receivable	154	48.79	98156	
SPL	INVOICE	02/11/2022	DC	Sales Income	154	-48.79	98156	1.07	45.6	
ENDTRNS	
TRNS	INVOICE	02/11/2022	Truck: 154bram/t	Accounts Receivable	154	0	98157	
SPL	INVOICE	02/11/2022	I-2	Sales Income	154	0.0	98157	0.53	0.0	
ENDTRNS	
TRNS	INVOICE	02/11/2022	Truck: 154wf150/t	Accounts Receivable	154	0	98158	
SPL	INVOICE	02/11/2022	I-2	Sales Income	154	0.0	98158	1	0.0	
ENDTRNS	
TRNS	INVOICE	02/11/2022	Truck: 154bc1500	Accounts Receivable	154	0	98159	
SPL	INVOICE	02/11/2022	I-2	Sales Income	154	0.0	98159	0.07	0.0	
ENDTRNS	
TRNS	INVOICE	02/11/2022	Truck: 154tf150	Accounts Receivable	154	0	98160	
SPL	INVOICE	02/11/2022	H2	Sales Income	154	0.0	98160	0.05	0.0	
ENDTRNS	
TRNS	INVOICE	02/11/2022	Truck: 154sram/t	Accounts Receivable	154	0	98161	
SPL	INVOICE	02/11/2022	I-2	Sales Income	154	0.0	98161	0.44	0.0	
ENDTRNS	
TRNS	INVOICE	02/11/2022	Truck: 154bram/t	Accounts Receivable	154	0	98162	
SPL	INVOICE	02/11/2022	I-2	Sales Income	154	0.0	98162	0.45	0.0	
ENDTRNS	
TRNS	INVOICE	02/11/2022	Truck: 2679	Accounts Receivable	173	0	98163	
SPL	INVOICE	02/11/2022	H-3	Sales Income	173	0.0	98163	20.62	0.0	
ENDTRNS	
TRNS	INVOICE	02/11/2022	Truck: gatlin	Accounts Receivable	182	5.02	98182	
SPL	INVOICE	02/11/2022	DC	Sales Income	182	-5.02	98182	0.11	45.64	
ENDTRNS	
TRNS	INVOICE	02/11/2022	Truck: 1906	Accounts Receivable	162	0	98183	
SPL	INVOICE	02/11/2022	H-2	Sales Income	162	0.0	98183	8.35	0.0	
ENDTRNS	
TRNS	INVOICE	02/11/2022	Truck: 154gsrs	Accounts Receivable	154	0	98184	
SPL	INVOICE	02/11/2022	H2	Sales Income	154	0.0	98184	0.31	0.0	
ENDTRNS	
TRNS	INVOICE	02/11/2022	Truck: 154wram/tr	Accounts Receivable	154	60.19	98185	
SPL	INVOICE	02/11/2022	H1	Sales Income	154	-60.19	98185	1.32	45.6	
ENDTRNS	
TRNS	INVOICE	02/11/2022	Truck: 154rf150	Accounts Receivable	154	0	98186	
SPL	INVOICE	02/11/2022	H2	Sales Income	154	0.0	98186	0.17	0.0	
ENDTRNS	
TRNS	INVOICE	02/11/2022	Truck: 154rf250	Accounts Receivable	154	0	98187	
SPL	INVOICE	02/11/2022	H2	Sales Income	154	0.0	98187	0.2	0.0	
ENDTRNS	
TRNS	INVOICE	02/11/2022	Truck: 154tram	Accounts Receivable	154	0	98188	
SPL	INVOICE	02/11/2022	I-2	Sales Income	154	0.0	98188	0.04	0.0	
ENDTRNS	
TRNS	INVOICE	02/11/2022	Truck: 2679	Accounts Receivable	173	0	98189	
SPL	INVOICE	02/11/2022	H-3	Sales Income	173	0.0	98189	27.24	0.0	
ENDTRNS	
TRNS	INVOICE	02/11/2022	Truck: CoH2	Accounts Receivable	154	0	98190	
SPL	INVOICE	02/11/2022	I-2	Sales Income	154	0.0	98190	0.22	0.0	
ENDTRNS	
TRNS	INVOICE	02/11/2022	Truck: 154bsuv/	Accounts Receivable	154	0	98191	
SPL	INVOICE	02/11/2022	H2	Sales Income	154	0.0	98191	0.07	0.0	
ENDTRNS	
TRNS	INVOICE	02/11/2022	Truck: 154mazda	Accounts Receivable	154	0	98192	
SPL	INVOICE	02/11/2022	I-2	Sales Income	154	0.0	98192	0.07	0.0	
ENDTRNS	
TRNS	INVOICE	02/11/2022	Truck: uhaul	Accounts Receivable	154	0	98193	
SPL	INVOICE	02/11/2022	H2	Sales Income	154	0.0	98193	0.09	0.0	
ENDTRNS	
TRNS	INVOICE	02/11/2022	Truck: 154rtoy	Accounts Receivable	154	0	98194	
SPL	INVOICE	02/11/2022	H2	Sales Income	154	0.0	98194	0.03	0.0	
ENDTRNS	
TRNS	INVOICE	02/11/2022	Truck: 154bc	Accounts Receivable	154	0	98195	
SPL	INVOICE	02/11/2022	H2	Sales Income	154	0.0	98195	0.23	0.0	
ENDTRNS	
TRNS	INVOICE	02/11/2022	Truck: 154wf350/	Accounts Receivable	239	111.72	98196	
SPL	INVOICE	02/11/2022	DC	Sales Income	239	-111.72	98196	2.45	45.6	
ENDTRNS	
TRNS	INVOICE	02/12/2022	Truck: 154wtund	Accounts Receivable	154	0	98197	
SPL	INVOICE	02/12/2022	H2	Sales Income	154	0.0	98197	0.03	0.0	
ENDTRNS	
TRNS	INVOICE	02/12/2022	Truck: 154bcutil	Accounts Receivable	154	0	98198	
SPL	INVOICE	02/12/2022	H2	Sales Income	154	0.0	98198	0.06	0.0	
ENDTRNS	
TRNS	INVOICE	02/12/2022	Truck: 154bchevy	Accounts Receivable	154	0	98199	
SPL	INVOICE	02/12/2022	I-2	Sales Income	154	0.0	98199	0.7	0.0	
ENDTRNS	
TRNS	INVOICE	02/09/2022	Truck: 2679	Accounts Receivable	173	0	98018	
SPL	INVOICE	02/09/2022	H-3	Sales Income	173	0.0	98018	28.08	0.0	
ENDTRNS	
TRNS	INVOICE	02/09/2022	Truck: 154mf150/	Accounts Receivable	154	0	98019	
SPL	INVOICE	02/09/2022	H2	Sales Income	154	0.0	98019	0.23	0.0	
ENDTRNS	
TRNS	INVOICE	02/09/2022	Truck: 2497	Accounts Receivable	173	0	98020	
SPL	INVOICE	02/09/2022	H-3	Sales Income	173	0.0	98020	25.32	0.0	
ENDTRNS	
TRNS	INVOICE	02/09/2022	Truck: 154bc1500/	Accounts Receivable	182	51.07	98021	
SPL	INVOICE	02/09/2022	DC	Sales Income	182	-51.07	98021	1.12	45.6	
ENDTRNS	
TRNS	INVOICE	02/09/2022	Truck: 154bchevy	Accounts Receivable	154	4.1	98022	
SPL	INVOICE	02/09/2022	DC	Sales Income	154	-4.1	98022	0.09	45.56	
ENDTRNS	
TRNS	INVOICE	02/09/2022	Truck: 154branger	Accounts Receivable	154	0	98028	
SPL	INVOICE	02/09/2022	I-2	Sales Income	154	0.0	98028	0.1	0.0	
ENDTRNS	
TRNS	INVOICE	02/09/2022	Truck: 154suv/tr	Accounts Receivable	154	10.49	98029	
SPL	INVOICE	02/09/2022	DC	Sales Income	154	-10.49	98029	0.23	45.61	
ENDTRNS	
TRNS	INVOICE	02/09/2022	Truck: 154bram	Accounts Receivable	154	0	98030	
SPL	INVOICE	02/09/2022	H2	Sales Income	154	0.0	98030	0.09	0.0	
ENDTRNS	
TRNS	INVOICE	02/09/2022	Truck: 2679	Accounts Receivable	173	0	98031	
SPL	INVOICE	02/09/2022	H-3	Sales Income	173	0.0	98031	27.41	0.0	
ENDTRNS	
TRNS	INVOICE	02/09/2022	Truck: 1925	Accounts Receivable	162	0	98032	
SPL	INVOICE	02/09/2022	H-2	Sales Income	162	0.0	98032	8.77	0.0	
ENDTRNS	
TRNS	INVOICE	02/09/2022	Truck: 154wrang/t	Accounts Receivable	154	0	98033	
SPL	INVOICE	02/09/2022	H2	Sales Income	154	0.0	98033	0.28	0.0	
ENDTRNS	
TRNS	INVOICE	02/09/2022	Truck: 154wsuv	Accounts Receivable	154	0	98034	
SPL	INVOICE	02/09/2022	H2	Sales Income	154	0.0	98034	0.06	0.0	
ENDTRNS	
TRNS	INVOICE	02/09/2022	Truck: 154rsuv	Accounts Receivable	154	0	98035	
SPL	INVOICE	02/09/2022	H2	Sales Income	154	0.0	98035	0.02	0.0	
ENDTRNS	
TRNS	INVOICE	02/09/2022	Truck: 154bram/t	Accounts Receivable	154	0	98036	
SPL	INVOICE	02/09/2022	H2	Sales Income	154	0.0	98036	0.21	0.0	
ENDTRNS	
TRNS	INVOICE	02/09/2022	Truck: 154sram/t	Accounts Receivable	154	0	98037	
SPL	INVOICE	02/09/2022	H2	Sales Income	154	0.0	98037	0.41	0.0	
ENDTRNS	
TRNS	INVOICE	02/09/2022	Truck: 1905	Accounts Receivable	162	0	98040	
SPL	INVOICE	02/09/2022	H-2	Sales Income	162	0.0	98040	7.26	0.0	
ENDTRNS	
TRNS	INVOICE	02/09/2022	Truck: 2497	Accounts Receivable	173	0	98039	
SPL	INVOICE	02/09/2022	H-3	Sales Income	173	0.0	98039	26.92	0.0	
ENDTRNS	
TRNS	INVOICE	02/09/2022	Truck: 1924	Accounts Receivable	162	0	98044	
SPL	INVOICE	02/09/2022	H-2	Sales Income	162	0.0	98044	5	0.0	
ENDTRNS	
TRNS	INVOICE	02/09/2022	Truck: 154wf350	Accounts Receivable	154	0	98045	
SPL	INVOICE	02/09/2022	H2	Sales Income	154	0.0	98045	0.08	0.0	
ENDTRNS	
TRNS	INVOICE	02/09/2022	Truck: 154rf150	Accounts Receivable	154	0	98046	
SPL	INVOICE	02/09/2022	I-2	Sales Income	154	0.0	98046	0.13	0.0	
ENDTRNS	
TRNS	INVOICE	02/09/2022	Truck: 1925	Accounts Receivable	162	0	98047	
SPL	INVOICE	02/09/2022	H-2	Sales Income	162	0.0	98047	1.29	0.0	
ENDTRNS	
TRNS	INVOICE	02/09/2022	Truck: 1906	Accounts Receivable	162	0	98048	
SPL	INVOICE	02/09/2022	H-2	Sales Income	162	0.0	98048	8.7	0.0	
ENDTRNS	
TRNS	INVOICE	02/09/2022	Truck: 154bf150	Accounts Receivable	154	0	98049	
SPL	INVOICE	02/09/2022	H2	Sales Income	154	0.0	98049	0.04	0.0	
ENDTRNS	
TRNS	INVOICE	02/09/2022	Truck: 154blf150	Accounts Receivable	154	0	98050	
SPL	INVOICE	02/09/2022	H2	Sales Income	154	0.0	98050	0.04	0.0	
ENDTRNS	
TRNS	INVOICE	02/09/2022	Truck: C 0 H 1	Accounts Receivable	154	0	98051	
SPL	INVOICE	02/09/2022	H-2	Sales Income	154	0.0	98051	0.42	0.0	
ENDTRNS	
TRNS	INVOICE	02/09/2022	Truck: 154tc1500	Accounts Receivable	154	0	98052	
SPL	INVOICE	02/09/2022	H2	Sales Income	154	0.0	98052	0.03	0.0	
ENDTRNS	
TRNS	INVOICE	02/09/2022	Truck: 1907	Accounts Receivable	162	0	98053	
SPL	INVOICE	02/09/2022	H-2	Sales Income	162	0.0	98053	7.44	0.0	
ENDTRNS	
TRNS	INVOICE	02/09/2022	Truck: 182rf250/	Accounts Receivable	182	39.42	98054	
SPL	INVOICE	02/09/2022	I-1	Sales Income	182	-39.42	98054	2.19	18.0	
ENDTRNS	
TRNS	INVOICE	02/09/2022	Truck: 182bram/t	Accounts Receivable	154	53.82	98055	
SPL	INVOICE	02/09/2022	I-1	Sales Income	154	-53.82	98055	2.99	18.0	
ENDTRNS	
TRNS	INVOICE	02/09/2022	Truck: 2679	Accounts Receivable	173	0	98056	
SPL	INVOICE	02/09/2022	H-3	Sales Income	173	0.0	98056	31.14	0.0	
ENDTRNS	
TRNS	INVOICE	02/09/2022	Truck: 154rram	Accounts Receivable	154	0	98057	
SPL	INVOICE	02/09/2022	H2	Sales Income	154	0.0	98057	0.07	0.0	
ENDTRNS	
TRNS	INVOICE	02/10/2022	Truck: 1706JCGcom	Accounts Receivable	240	103.97	98061	
SPL	INVOICE	02/10/2022	H1	Sales Income	240	-103.97	98061	2.28	45.6	
ENDTRNS	
TRNS	INVOICE	02/10/2022	Truck: 1921-C	Accounts Receivable	162	0	98062	
SPL	INVOICE	02/10/2022	H-2	Sales Income	162	0.0	98062	7.3	0.0	
ENDTRNS	
TRNS	INVOICE	02/10/2022	Truck: 154wsierra	Accounts Receivable	154	0	98063	
SPL	INVOICE	02/10/2022	H2	Sales Income	154	0.0	98063	0.1	0.0	
ENDTRNS	
TRNS	INVOICE	02/10/2022	Truck: 154van/t	Accounts Receivable	154	0	98064	
SPL	INVOICE	02/10/2022	H2	Sales Income	154	0.0	98064	0.21	0.0	
ENDTRNS	
TRNS	INVOICE	02/10/2022	Truck: 154mtund	Accounts Receivable	154	0	98065	
SPL	INVOICE	02/10/2022	H2	Sales Income	154	0.0	98065	0.12	0.0	
ENDTRNS	
TRNS	INVOICE	02/10/2022	Truck: 2679	Accounts Receivable	173	0	98066	
SPL	INVOICE	02/10/2022	H-3	Sales Income	173	0.0	98066	25.26	0.0	
ENDTRNS	
TRNS	INVOICE	02/10/2022	Truck: 1921-C	Accounts Receivable	162	0	98067	
SPL	INVOICE	02/10/2022	H-2	Sales Income	162	0.0	98067	5.47	0.0	
ENDTRNS	
TRNS	INVOICE	02/10/2022	Truck: 154h.c./t	Accounts Receivable	154	0	98068	
SPL	INVOICE	02/10/2022	H2	Sales Income	154	0.0	98068	1.02	0.0	
ENDTRNS	
TRNS	INVOICE	02/10/2022	Truck: 154bram250	Accounts Receivable	182	28.27	98069	
SPL	INVOICE	02/10/2022	DC	Sales Income	182	-28.27	98069	0.62	45.6	
ENDTRNS	
TRNS	INVOICE	02/10/2022	Truck: 122	Accounts Receivable	122	31.92	98070	
SPL	INVOICE	02/10/2022	DC	Sales Income	122	-31.92	98070	0.7	45.6	
ENDTRNS	
TRNS	INVOICE	02/10/2022	Truck: 154branger	Accounts Receivable	154	0	98071	
SPL	INVOICE	02/10/2022	I-2	Sales Income	154	0.0	98071	0.11	0.0	
ENDTRNS	
TRNS	INVOICE	02/10/2022	Truck: 154rtund	Accounts Receivable	154	0	98072	
SPL	INVOICE	02/10/2022	H2	Sales Income	154	0.0	98072	0.17	0.0	
ENDTRNS	
TRNS	INVOICE	02/10/2022	Truck: 154wc2500	Accounts Receivable	154	0	98073	
SPL	INVOICE	02/10/2022	H2	Sales Income	154	0.0	98073	0.02	0.0	
ENDTRNS	
TRNS	INVOICE	02/10/2022	Truck: 154rtac	Accounts Receivable	154	0	98074	
SPL	INVOICE	02/10/2022	H2	Sales Income	154	0.0	98074	0.23	0.0	
ENDTRNS	
TRNS	INVOICE	02/10/2022	Truck: 154sf150	Accounts Receivable	154	0	98075	
SPL	INVOICE	02/10/2022	H2	Sales Income	154	0.0	98075	0.17	0.0	
ENDTRNS	
TRNS	INVOICE	02/10/2022	Truck: 154car	Accounts Receivable	154	0	98113	
SPL	INVOICE	02/10/2022	H2	Sales Income	154	0.0	98113	0.12	0.0	
ENDTRNS	
TRNS	INVOICE	02/10/2022	Truck: 154bram	Accounts Receivable	154	0	98115	
SPL	INVOICE	02/10/2022	H2	Sales Income	154	0.0	98115	0.12	0.0	
ENDTRNS	
TRNS	INVOICE	02/10/2022	Truck: 154bfrang	Accounts Receivable	154	0	98116	
SPL	INVOICE	02/10/2022	I-2	Sales Income	154	0.0	98116	0.13	0.0	
ENDTRNS	
TRNS	INVOICE	02/10/2022	Truck: prisondeta	Accounts Receivable	154	0	98117	
SPL	INVOICE	02/10/2022	H2	Sales Income	154	0.0	98117	0.21	0.0	
ENDTRNS	
TRNS	INVOICE	02/10/2022	Truck: 154sram	Accounts Receivable	154	0	98118	
SPL	INVOICE	02/10/2022	I-2	Sales Income	154	0.0	98118	0.62	0.0	
ENDTRNS	
TRNS	INVOICE	02/11/2022	Truck: 154blcs10	Accounts Receivable	154	0	98164	
SPL	INVOICE	02/11/2022	H2	Sales Income	154	0.0	98164	0.24	0.0	
ENDTRNS	
TRNS	INVOICE	02/11/2022	Truck: 1925	Accounts Receivable	162	0	98165	
SPL	INVOICE	02/11/2022	H-2	Sales Income	162	0.0	98165	5.95	0.0	
ENDTRNS	
TRNS	INVOICE	02/11/2022	Truck: 1923	Accounts Receivable	162	0	98166	
SPL	INVOICE	02/11/2022	H-2	Sales Income	162	0.0	98166	8.77	0.0	
ENDTRNS	
TRNS	INVOICE	02/11/2022	Truck: 1905	Accounts Receivable	162	0	98167	
SPL	INVOICE	02/11/2022	H-2	Sales Income	162	0.0	98167	7.89	0.0	
ENDTRNS	
TRNS	INVOICE	02/11/2022	Truck: handyman	Accounts Receivable	154	0	98168	
SPL	INVOICE	02/11/2022	H2	Sales Income	154	0.0	98168	0.08	0.0	
ENDTRNS	
TRNS	INVOICE	02/11/2022	Truck: 154wgmc	Accounts Receivable	154	3.65	98169	
SPL	INVOICE	02/11/2022	DC	Sales Income	154	-3.65	98169	0.08	45.62	
ENDTRNS	
TRNS	INVOICE	02/11/2022	Truck: 1907	Accounts Receivable	162	0	98170	
SPL	INVOICE	02/11/2022	H-2	Sales Income	162	0.0	98170	6.46	0.0	
ENDTRNS	
TRNS	INVOICE	02/11/2022	Truck: 154sram/t	Accounts Receivable	154	15.05	98171	
SPL	INVOICE	02/11/2022	DC	Sales Income	154	-15.05	98171	0.33	45.61	
ENDTRNS	
TRNS	INVOICE	02/11/2022	Truck: 154bc1500	Accounts Receivable	154	0	98172	
SPL	INVOICE	02/11/2022	H2	Sales Income	154	0.0	98172	0.01	0.0	
ENDTRNS	
TRNS	INVOICE	02/11/2022	Truck: 154bf150	Accounts Receivable	154	0	98173	
SPL	INVOICE	02/11/2022	H2	Sales Income	154	0.0	98173	0.1	0.0	
ENDTRNS	
TRNS	INVOICE	02/11/2022	Truck: 154rf150	Accounts Receivable	154	0	98174	
SPL	INVOICE	02/11/2022	H2	Sales Income	154	0.0	98174	0.06	0.0	
ENDTRNS	
TRNS	INVOICE	02/11/2022	Truck: 154wf150/t	Accounts Receivable	154	0	98175	
SPL	INVOICE	02/11/2022	I-2	Sales Income	154	0.0	98175	0.13	0.0	
ENDTRNS	
TRNS	INVOICE	02/11/2022	Truck: 154ssilve/	Accounts Receivable	182	42.41	98176	
SPL	INVOICE	02/11/2022	DC	Sales Income	182	-42.41	98176	0.93	45.6	
ENDTRNS	
TRNS	INVOICE	02/11/2022	Truck: 154rf150	Accounts Receivable	154	0	98177	
SPL	INVOICE	02/11/2022	H2	Sales Income	154	0.0	98177	0.05	0.0	
ENDTRNS	
TRNS	INVOICE	02/11/2022	Truck: 154bram150	Accounts Receivable	154	0	98178	
SPL	INVOICE	02/11/2022	H2	Sales Income	154	0.0	98178	0.16	0.0	
ENDTRNS	
TRNS	INVOICE	02/11/2022	Truck: 238	Accounts Receivable	238	10.03	98179	
SPL	INVOICE	02/11/2022	DC	Sales Income	238	-10.03	98179	0.22	45.59	
ENDTRNS	
TRNS	INVOICE	02/11/2022	Truck: 154van	Accounts Receivable	154	0	98180	
SPL	INVOICE	02/11/2022	H2	Sales Income	154	0.0	98180	0.1	0.0	
ENDTRNS	
TRNS	INVOICE	02/11/2022	Truck: 154wfrang	Accounts Receivable	154	0	98181	
SPL	INVOICE	02/11/2022	I-2	Sales Income	154	0.0	98181	0.22	0.0	
ENDTRNS	
TRNS	INVOICE	02/10/2022	Truck: 154bram/t	Accounts Receivable	154	0	98119	
SPL	INVOICE	02/10/2022	I-2	Sales Income	154	0.0	98119	0.54	0.0	
ENDTRNS	
TRNS	INVOICE	02/10/2022	Truck: 154bf250/t	Accounts Receivable	120	32.83	98120	
SPL	INVOICE	02/10/2022	H1	Sales Income	120	-32.83	98120	0.72	45.6	
ENDTRNS	
TRNS	INVOICE	02/10/2022	Truck: 154r1500	Accounts Receivable	154	0	98121	
SPL	INVOICE	02/10/2022	H2	Sales Income	154	0.0	98121	0.07	0.0	
ENDTRNS	
TRNS	INVOICE	02/10/2022	Truck: 154wgmc/t	Accounts Receivable	182	29.64	98123	
SPL	INVOICE	02/10/2022	DC	Sales Income	182	-29.64	98123	0.65	45.6	
ENDTRNS	
TRNS	INVOICE	02/10/2022	Truck: CoH2	Accounts Receivable	154	0	98124	
SPL	INVOICE	02/10/2022	I-2	Sales Income	154	0.0	98124	0.43	0.0	
ENDTRNS	
TRNS	INVOICE	02/10/2022	Truck: 154wsx/t	Accounts Receivable	154	0	98125	
SPL	INVOICE	02/10/2022	W-2 (White Goods)	Sales Income	154	0.0	98125	0.04	0.0	
ENDTRNS	
TRNS	INVOICE	02/11/2022	Truck: 154stacoma	Accounts Receivable	182	8.66	98126	
SPL	INVOICE	02/11/2022	DC	Sales Income	182	-8.66	98126	0.19	45.58	
ENDTRNS	
TRNS	INVOICE	02/11/2022	Truck: 154sf150	Accounts Receivable	154	0	98127	
SPL	INVOICE	02/11/2022	H2	Sales Income	154	0.0	98127	0.02	0.0	
ENDTRNS	
TRNS	INVOICE	02/11/2022	Truck: 182	Accounts Receivable	120	15.5	98128	
SPL	INVOICE	02/11/2022	DC	Sales Income	120	-15.5	98128	0.34	45.59	
ENDTRNS	
TRNS	INVOICE	02/11/2022	Truck: 1921-O	Accounts Receivable	162	0	98129	
SPL	INVOICE	02/11/2022	H-2	Sales Income	162	0.0	98129	1.11	0.0	
ENDTRNS	
TRNS	INVOICE	02/11/2022	Truck: 1926 C	Accounts Receivable	162	0	98130	
SPL	INVOICE	02/11/2022	H-2	Sales Income	162	0.0	98130	0.35	0.0	
ENDTRNS	
TRNS	INVOICE	02/11/2022	Truck: 1001JCGCOM	Accounts Receivable	240	146.83	98131	
SPL	INVOICE	02/11/2022	H1	Sales Income	240	-146.83	98131	3.22	45.6	
ENDTRNS	
TRNS	INVOICE	02/11/2022	Truck: 182davis	Accounts Receivable	182	93.48	98132	
SPL	INVOICE	02/11/2022	H1	Sales Income	182	-93.48	98132	2.05	45.6	
ENDTRNS	
TRNS	INVOICE	02/11/2022	Truck: 2679	Accounts Receivable	173	0	98133	
SPL	INVOICE	02/11/2022	H-3	Sales Income	173	0.0	98133	30.39	0.0	
ENDTRNS	
TRNS	INVOICE	02/11/2022	Truck: 154wf150/t	Accounts Receivable	154	17.33	98134	
SPL	INVOICE	02/11/2022	DC	Sales Income	154	-17.33	98134	0.38	45.61	
ENDTRNS	
TRNS	INVOICE	02/11/2022	Truck: 154gtoy	Accounts Receivable	154	0	98135	
SPL	INVOICE	02/11/2022	H2	Sales Income	154	0.0	98135	0.06	0.0	
ENDTRNS	
TRNS	INVOICE	02/11/2022	Truck: 154bcz71	Accounts Receivable	154	0	98136	
SPL	INVOICE	02/11/2022	H2	Sales Income	154	0.0	98136	0.29	0.0	
ENDTRNS	
TRNS	INVOICE	02/11/2022	Truck: 1001JCG20y	Accounts Receivable	240	15.96	98137	
SPL	INVOICE	02/11/2022	H1	Sales Income	240	-15.96	98137	0.35	45.6	
ENDTRNS	
TRNS	INVOICE	02/11/2022	Truck: 154wgmc/t	Accounts Receivable	154	0	98138	
SPL	INVOICE	02/11/2022	H2	Sales Income	154	0.0	98138	0.34	0.0	
ENDTRNS	
TRNS	INVOICE	02/12/2022	Truck: 154bram	Accounts Receivable	154	0	98200	
SPL	INVOICE	02/12/2022	H2	Sales Income	154	0.0	98200	0.03	0.0	
ENDTRNS	
TRNS	INVOICE	02/12/2022	Truck: 154wd/t	Accounts Receivable	154	0	98201	
SPL	INVOICE	02/12/2022	H2	Sales Income	154	0.0	98201	0.34	0.0	
ENDTRNS	
TRNS	INVOICE	02/12/2022	Truck: 154gc1500	Accounts Receivable	154	0	98202	
SPL	INVOICE	02/12/2022	I-2	Sales Income	154	0.0	98202	0.13	0.0	
ENDTRNS	
TRNS	INVOICE	02/12/2022	Truck: 154gc1500/	Accounts Receivable	182	21.89	98203	
SPL	INVOICE	02/12/2022	DC	Sales Income	182	-21.89	98203	0.48	45.6	
ENDTRNS	
TRNS	INVOICE	02/12/2022	Truck: 154btac/t	Accounts Receivable	154	0	98204	
SPL	INVOICE	02/12/2022	I-2	Sales Income	154	0.0	98204	0.73	0.0	
ENDTRNS	
TRNS	INVOICE	02/12/2022	Truck: 154gc1500	Accounts Receivable	154	0	98205	
SPL	INVOICE	02/12/2022	H2	Sales Income	154	0.0	98205	0.07	0.0	
ENDTRNS	
TRNS	INVOICE	02/12/2022	Truck: 154rtoy	Accounts Receivable	154	0	98206	
SPL	INVOICE	02/12/2022	I-2	Sales Income	154	0.0	98206	0.39	0.0	
ENDTRNS	
TRNS	INVOICE	02/12/2022	Truck: 154bram	Accounts Receivable	154	0	98207	
SPL	INVOICE	02/12/2022	I-2	Sales Income	154	0.0	98207	0.13	0.0	
ENDTRNS	
TRNS	INVOICE	02/12/2022	Truck: 154mtundr	Accounts Receivable	154	0	98208	
SPL	INVOICE	02/12/2022	H2	Sales Income	154	0.0	98208	0.1	0.0	
ENDTRNS	
TRNS	INVOICE	02/12/2022	Truck: 154blram	Accounts Receivable	154	0	98209	
SPL	INVOICE	02/12/2022	H2	Sales Income	154	0.0	98209	0.09	0.0	
ENDTRNS	
TRNS	INVOICE	02/12/2022	Truck: 154btita	Accounts Receivable	154	0	98210	
SPL	INVOICE	02/12/2022	H2	Sales Income	154	0.0	98210	0.1	0.0	
ENDTRNS	
TRNS	INVOICE	02/12/2022	Truck: 154bc1500/	Accounts Receivable	154	13.68	98211	
SPL	INVOICE	02/12/2022	DC	Sales Income	154	-13.68	98211	0.3	45.6	
ENDTRNS	
TRNS	INVOICE	02/12/2022	Truck: 154m1500	Accounts Receivable	154	0	98212	
SPL	INVOICE	02/12/2022	H2	Sales Income	154	0.0	98212	0.12	0.0	
ENDTRNS	
TRNS	INVOICE	02/12/2022	Truck: 154wf150/t	Accounts Receivable	154	0	98213	
SPL	INVOICE	02/12/2022	I-2	Sales Income	154	0.0	98213	0.44	0.0	
ENDTRNS	
TRNS	INVOICE	02/12/2022	Truck: 154wf150/	Accounts Receivable	154	0	98214	
SPL	INVOICE	02/12/2022	I-2	Sales Income	154	0.0	98214	0.43	0.0	
ENDTRNS	
TRNS	INVOICE	02/15/2022	Truck: CoH2	Accounts Receivable	154	0	98363	
SPL	INVOICE	02/15/2022	I-2	Sales Income	154	0.0	98363	0.17	0.0	
ENDTRNS	
TRNS	INVOICE	02/15/2022	Truck: 154bf250/	Accounts Receivable	154	0	98364	
SPL	INVOICE	02/15/2022	I-2	Sales Income	154	0.0	98364	0.91	0.0	
ENDTRNS	
TRNS	INVOICE	02/15/2022	Truck: 154bf350	Accounts Receivable	154	0	98365	
SPL	INVOICE	02/15/2022	H2	Sales Income	154	0.0	98365	0.05	0.0	
ENDTRNS	
TRNS	INVOICE	02/15/2022	Truck: 154gsilver	Accounts Receivable	154	0	98366	
SPL	INVOICE	02/15/2022	H2	Sales Income	154	0.0	98366	0.05	0.0	
ENDTRNS	
TRNS	INVOICE	02/15/2022	Truck: 154mazda	Accounts Receivable	154	0	98367	
SPL	INVOICE	02/15/2022	I-2	Sales Income	154	0.0	98367	0.08	0.0	
ENDTRNS	
TRNS	INVOICE	02/15/2022	Truck: 154white/	Accounts Receivable	182	47.42	98368	
SPL	INVOICE	02/15/2022	DC	Sales Income	182	-47.42	98368	1.04	45.6	
ENDTRNS	
TRNS	INVOICE	02/15/2022	Truck: hc recret	Accounts Receivable	154	0	98369	
SPL	INVOICE	02/15/2022	H2	Sales Income	154	0.0	98369	0.82	0.0	
ENDTRNS	
TRNS	INVOICE	02/15/2022	Truck: 154rf150/t	Accounts Receivable	154	0	98370	
SPL	INVOICE	02/15/2022	I-2	Sales Income	154	0.0	98370	0.39	0.0	
ENDTRNS	
TRNS	INVOICE	02/15/2022	Truck: 2664	Accounts Receivable	173	0	98371	
SPL	INVOICE	02/15/2022	H-3	Sales Income	173	0.0	98371	24.8	0.0	
ENDTRNS	
TRNS	INVOICE	02/15/2022	Truck: 154suv/t	Accounts Receivable	154	0	98372	
SPL	INVOICE	02/15/2022	H2	Sales Income	154	0.0	98372	0.43	0.0	
ENDTRNS	
TRNS	INVOICE	02/15/2022	Truck: 154mvan/t	Accounts Receivable	154	0	98373	
SPL	INVOICE	02/15/2022	I-2	Sales Income	154	0.0	98373	0.4	0.0	
ENDTRNS	
TRNS	INVOICE	02/15/2022	Truck: 1925	Accounts Receivable	162	0	98374	
SPL	INVOICE	02/15/2022	H-2	Sales Income	162	0.0	98374	6.99	0.0	
ENDTRNS	
TRNS	INVOICE	02/15/2022	Truck: 154gsilv	Accounts Receivable	154	0	98375	
SPL	INVOICE	02/15/2022	H2	Sales Income	154	0.0	98375	0.08	0.0	
ENDTRNS	
TRNS	INVOICE	02/15/2022	Truck: 154bgmc	Accounts Receivable	154	0	98376	
SPL	INVOICE	02/15/2022	H2	Sales Income	154	0.0	98376	0.15	0.0	
ENDTRNS	
TRNS	INVOICE	02/15/2022	Truck: 154wgmc/	Accounts Receivable	154	53.35	98377	
SPL	INVOICE	02/15/2022	DC	Sales Income	154	-53.35	98377	1.17	45.6	
ENDTRNS	
TRNS	INVOICE	02/15/2022	Truck: 154ygmc	Accounts Receivable	154	0	98378	
SPL	INVOICE	02/15/2022	H2	Sales Income	154	0.0	98378	0.02	0.0	
ENDTRNS	
TRNS	INVOICE	02/15/2022	Truck: 154wf150	Accounts Receivable	154	0	98379	
SPL	INVOICE	02/15/2022	H2	Sales Income	154	0.0	98379	0.18	0.0	
ENDTRNS	
TRNS	INVOICE	02/15/2022	Truck: 154wcz71/t	Accounts Receivable	154	0	98380	
SPL	INVOICE	02/15/2022	I-2	Sales Income	154	0.0	98380	0.16	0.0	
ENDTRNS	
TRNS	INVOICE	02/12/2022	Truck: 154tf150/	Accounts Receivable	154	0	98215	
SPL	INVOICE	02/12/2022	H2	Sales Income	154	0.0	98215	0.2	0.0	
ENDTRNS	
TRNS	INVOICE	02/12/2022	Truck: 154wram/t	Accounts Receivable	154	0	98216	
SPL	INVOICE	02/12/2022	H2	Sales Income	154	0.0	98216	0.17	0.0	
ENDTRNS	
TRNS	INVOICE	02/12/2022	Truck: 154btund	Accounts Receivable	154	0	98217	
SPL	INVOICE	02/12/2022	H2	Sales Income	154	0.0	98217	0.02	0.0	
ENDTRNS	
TRNS	INVOICE	02/12/2022	Truck: 154rtaco/t	Accounts Receivable	154	0	98218	
SPL	INVOICE	02/12/2022	H2	Sales Income	154	0.0	98218	0.34	0.0	
ENDTRNS	
TRNS	INVOICE	02/12/2022	Truck: 154wc3500	Accounts Receivable	154	0	98219	
SPL	INVOICE	02/12/2022	H2	Sales Income	154	0.0	98219	0.07	0.0	
ENDTRNS	
TRNS	INVOICE	02/12/2022	Truck: 154wram	Accounts Receivable	154	0	98220	
SPL	INVOICE	02/12/2022	H2	Sales Income	154	0.0	98220	0.15	0.0	
ENDTRNS	
TRNS	INVOICE	02/12/2022	Truck: 154wf150	Accounts Receivable	154	0	98221	
SPL	INVOICE	02/12/2022	H2	Sales Income	154	0.0	98221	0.06	0.0	
ENDTRNS	
TRNS	INVOICE	02/12/2022	Truck: 154rf150/	Accounts Receivable	154	0	98222	
SPL	INVOICE	02/12/2022	H2	Sales Income	154	0.0	98222	0.24	0.0	
ENDTRNS	
TRNS	INVOICE	02/12/2022	Truck: 154bc2500/	Accounts Receivable	154	0	98223	
SPL	INVOICE	02/12/2022	H2	Sales Income	154	0.0	98223	0.39	0.0	
ENDTRNS	
TRNS	INVOICE	02/14/2022	Truck: 1001JCGCOM	Accounts Receivable	240	155.04	98300	
SPL	INVOICE	02/14/2022	H1	Sales Income	240	-155.04	98300	3.4	45.6	
ENDTRNS	
TRNS	INVOICE	02/14/2022	Truck: 182	Accounts Receivable	236	33.29	98301	
SPL	INVOICE	02/14/2022	DC	Sales Income	236	-33.29	98301	0.73	45.6	
ENDTRNS	
TRNS	INVOICE	02/14/2022	Truck: 154	Accounts Receivable	154	0	98302	
SPL	INVOICE	02/14/2022	H2	Sales Income	154	0.0	98302	0.32	0.0	
ENDTRNS	
TRNS	INVOICE	02/14/2022	Truck: 1926 20 yd	Accounts Receivable	162	0	98303	
SPL	INVOICE	02/14/2022	H-2	Sales Income	162	0.0	98303	1.56	0.0	
ENDTRNS	
TRNS	INVOICE	02/14/2022	Truck: 1921-O	Accounts Receivable	162	0	98304	
SPL	INVOICE	02/14/2022	H-2	Sales Income	162	0.0	98304	2.67	0.0	
ENDTRNS	
TRNS	INVOICE	02/14/2022	Truck: 154vly	Accounts Receivable	154	0	98305	
SPL	INVOICE	02/14/2022	H2	Sales Income	154	0.0	98305	0.23	0.0	
ENDTRNS	
TRNS	INVOICE	02/14/2022	Truck: 154tah	Accounts Receivable	154	0	98306	
SPL	INVOICE	02/14/2022	H2	Sales Income	154	0.0	98306	0.35	0.0	
ENDTRNS	
TRNS	INVOICE	02/14/2022	Truck: CoH2	Accounts Receivable	154	0	98325	
SPL	INVOICE	02/14/2022	I-2	Sales Income	154	0.0	98325	0.3	0.0	
ENDTRNS	
TRNS	INVOICE	02/15/2022	Truck: 154jeep/	Accounts Receivable	154	0	98393	
SPL	INVOICE	02/15/2022	H2	Sales Income	154	0.0	98393	0.26	0.0	
ENDTRNS	
TRNS	INVOICE	02/15/2022	Truck: 154wtac	Accounts Receivable	154	0	98394	
SPL	INVOICE	02/15/2022	H2	Sales Income	154	0.0	98394	0.17	0.0	
ENDTRNS	
TRNS	INVOICE	02/15/2022	Truck: 154sf250	Accounts Receivable	154	0	98396	
SPL	INVOICE	02/15/2022	H2	Sales Income	154	0.0	98396	0.24	0.0	
ENDTRNS	
TRNS	INVOICE	02/15/2022	Truck: 154scz71	Accounts Receivable	154	0	98397	
SPL	INVOICE	02/15/2022	I-2	Sales Income	154	0.0	98397	0.02	0.0	
ENDTRNS	
TRNS	INVOICE	02/15/2022	Truck: 1925	Accounts Receivable	162	0	98398	
SPL	INVOICE	02/15/2022	H-2	Sales Income	162	0.0	98398	2.16	0.0	
ENDTRNS	
TRNS	INVOICE	02/15/2022	Truck: 154bf150	Accounts Receivable	182	11.4	98399	
SPL	INVOICE	02/15/2022	DC	Sales Income	182	-11.4	98399	0.25	45.6	
ENDTRNS	
TRNS	INVOICE	02/15/2022	Truck: 1907	Accounts Receivable	162	0	98400	
SPL	INVOICE	02/15/2022	H-2	Sales Income	162	0.0	98400	8.44	0.0	
ENDTRNS	
TRNS	INVOICE	02/15/2022	Truck: 154gsilver	Accounts Receivable	154	0	98401	
SPL	INVOICE	02/15/2022	H2	Sales Income	154	0.0	98401	0.02	0.0	
ENDTRNS	
TRNS	INVOICE	02/15/2022	Truck: 154bram150	Accounts Receivable	154	0	98402	
SPL	INVOICE	02/15/2022	H2	Sales Income	154	0.0	98402	0.08	0.0	
ENDTRNS	
TRNS	INVOICE	02/15/2022	Truck: 154wsuv/	Accounts Receivable	154	0	98403	
SPL	INVOICE	02/15/2022	H2	Sales Income	154	0.0	98403	0.12	0.0	
ENDTRNS	
TRNS	INVOICE	02/15/2022	Truck: 154rf150/t	Accounts Receivable	154	0	98404	
SPL	INVOICE	02/15/2022	H2	Sales Income	154	0.0	98404	0.44	0.0	
ENDTRNS	
TRNS	INVOICE	02/15/2022	Truck: 154wcutil/	Accounts Receivable	154	0	98405	
SPL	INVOICE	02/15/2022	H2	Sales Income	154	0.0	98405	0.46	0.0	
ENDTRNS	
TRNS	INVOICE	02/15/2022	Truck: 154btac	Accounts Receivable	154	0	98406	
SPL	INVOICE	02/15/2022	H2	Sales Income	154	0.0	98406	0.24	0.0	
ENDTRNS	
TRNS	INVOICE	02/15/2022	Truck: 154stoy	Accounts Receivable	154	0	98407	
SPL	INVOICE	02/15/2022	H2	Sales Income	154	0.0	98407	0.08	0.0	
ENDTRNS	
TRNS	INVOICE	02/15/2022	Truck: 154wccolor	Accounts Receivable	154	0	98408	
SPL	INVOICE	02/15/2022	H2	Sales Income	154	0.0	98408	0.07	0.0	
ENDTRNS	
TRNS	INVOICE	02/15/2022	Truck: Patriot	Accounts Receivable	182	86.18	98409	
SPL	INVOICE	02/15/2022	DC	Sales Income	182	-86.18	98409	1.89	45.6	
ENDTRNS	
TRNS	INVOICE	02/15/2022	Truck: 154wtac	Accounts Receivable	154	0	98410	
SPL	INVOICE	02/15/2022	H2	Sales Income	154	0.0	98410	0.27	0.0	
ENDTRNS	
TRNS	INVOICE	02/15/2022	Truck: 238	Accounts Receivable	238	35.11	98411	
SPL	INVOICE	02/15/2022	DC	Sales Income	238	-35.11	98411	0.77	45.6	
ENDTRNS	
TRNS	INVOICE	02/16/2022	Truck: 154sc150	Accounts Receivable	154	0	98437	
SPL	INVOICE	02/16/2022	H2	Sales Income	154	0.0	98437	0.48	0.0	
ENDTRNS	
TRNS	INVOICE	02/16/2022	Truck: 154wgmc/tr	Accounts Receivable	154	0	98438	
SPL	INVOICE	02/16/2022	H2	Sales Income	154	0.0	98438	0.19	0.0	
ENDTRNS	
TRNS	INVOICE	02/16/2022	Truck: 154sf250	Accounts Receivable	154	0	98440	
SPL	INVOICE	02/16/2022	H2	Sales Income	154	0.0	98440	0.26	0.0	
ENDTRNS	
TRNS	INVOICE	02/16/2022	Truck: 154wf150	Accounts Receivable	154	0	98441	
SPL	INVOICE	02/16/2022	H2	Sales Income	154	0.0	98441	0.13	0.0	
ENDTRNS	
TRNS	INVOICE	02/16/2022	Truck: 154bcsilv	Accounts Receivable	154	0	98442	
SPL	INVOICE	02/16/2022	H2	Sales Income	154	0.0	98442	0.08	0.0	
ENDTRNS	
TRNS	INVOICE	02/16/2022	Truck: 154redsuv	Accounts Receivable	154	0	98443	
SPL	INVOICE	02/16/2022	H2	Sales Income	154	0.0	98443	0.03	0.0	
ENDTRNS	
TRNS	INVOICE	02/16/2022	Truck: 2679	Accounts Receivable	173	0	98444	
SPL	INVOICE	02/16/2022	H-3	Sales Income	173	0.0	98444	24.04	0.0	
ENDTRNS	
TRNS	INVOICE	02/16/2022	Truck: 1905	Accounts Receivable	162	0	98445	
SPL	INVOICE	02/16/2022	H-2	Sales Income	162	0.0	98445	5.35	0.0	
ENDTRNS	
TRNS	INVOICE	02/16/2022	Truck: 154bf150	Accounts Receivable	154	0	98446	
SPL	INVOICE	02/16/2022	H2	Sales Income	154	0.0	98446	0.08	0.0	
ENDTRNS	
TRNS	INVOICE	02/16/2022	Truck: 154bc1500	Accounts Receivable	154	0	98447	
SPL	INVOICE	02/16/2022	H2	Sales Income	154	0.0	98447	0.1	0.0	
ENDTRNS	
TRNS	INVOICE	02/16/2022	Truck: 154wf105	Accounts Receivable	154	0	98448	
SPL	INVOICE	02/16/2022	I-2	Sales Income	154	0.0	98448	0.35	0.0	
ENDTRNS	
TRNS	INVOICE	02/16/2022	Truck: 154sc1500	Accounts Receivable	154	0	98449	
SPL	INVOICE	02/16/2022	H2	Sales Income	154	0.0	98449	0.26	0.0	
ENDTRNS	
TRNS	INVOICE	02/16/2022	Truck: 154wram/	Accounts Receivable	182	103.14	98450	
SPL	INVOICE	02/16/2022	I-1	Sales Income	182	-103.14	98450	5.73	18.0	
ENDTRNS	
TRNS	INVOICE	02/16/2022	Truck: 154wf150/	Accounts Receivable	154	0	98451	
SPL	INVOICE	02/16/2022	I-2	Sales Income	154	0.0	98451	0.18	0.0	
ENDTRNS	
TRNS	INVOICE	02/16/2022	Truck: 1923	Accounts Receivable	162	0	98452	
SPL	INVOICE	02/16/2022	H-2	Sales Income	162	0.0	98452	9.22	0.0	
ENDTRNS	
TRNS	INVOICE	02/16/2022	Truck: 1924	Accounts Receivable	162	0	98453	
SPL	INVOICE	02/16/2022	H-2	Sales Income	162	0.0	98453	5.31	0.0	
ENDTRNS	
TRNS	INVOICE	02/16/2022	Truck: 154gc1500	Accounts Receivable	154	0	98454	
SPL	INVOICE	02/16/2022	H2	Sales Income	154	0.0	98454	0.43	0.0	
ENDTRNS	
TRNS	INVOICE	02/16/2022	Truck: 2679	Accounts Receivable	173	0	98473	
SPL	INVOICE	02/16/2022	H-3	Sales Income	173	0.0	98473	28.59	0.0	
ENDTRNS	
TRNS	INVOICE	02/16/2022	Truck: 154bram/	Accounts Receivable	154	0	98474	
SPL	INVOICE	02/16/2022	I-2	Sales Income	154	0.0	98474	0.03	0.0	
ENDTRNS	
TRNS	INVOICE	02/16/2022	Truck: 154bramut/	Accounts Receivable	154	0	98475	
SPL	INVOICE	02/16/2022	I-1	Sales Income	154	0.0	98475	3.28	0.0	
ENDTRNS	
TRNS	INVOICE	02/16/2022	Truck: 154rf250/	Accounts Receivable	154	0	98476	
SPL	INVOICE	02/16/2022	I-1	Sales Income	154	0.0	98476	1.94	0.0	
ENDTRNS	
TRNS	INVOICE	02/16/2022	Truck: 154bram150	Accounts Receivable	154	0	98477	
SPL	INVOICE	02/16/2022	H2	Sales Income	154	0.0	98477	0.05	0.0	
ENDTRNS	
TRNS	INVOICE	02/16/2022	Truck: 154bgmc	Accounts Receivable	154	0	98478	
SPL	INVOICE	02/16/2022	H2	Sales Income	154	0.0	98478	0.08	0.0	
ENDTRNS	
TRNS	INVOICE	02/16/2022	Truck: 182wf350/t	Accounts Receivable	154	97.58	98479	
SPL	INVOICE	02/16/2022	DC	Sales Income	154	-97.58	98479	2.14	45.6	
ENDTRNS	
TRNS	INVOICE	02/16/2022	Truck: 154wgmc	Accounts Receivable	154	0	98480	
SPL	INVOICE	02/16/2022	I-2	Sales Income	154	0.0	98480	0.19	0.0	
ENDTRNS	
TRNS	INVOICE	02/16/2022	Truck: 154brang	Accounts Receivable	154	0	98481	
SPL	INVOICE	02/16/2022	H2	Sales Income	154	0.0	98481	0.05	0.0	
ENDTRNS	
TRNS	INVOICE	02/16/2022	Truck: 154wf150	Accounts Receivable	154	9.583	98482	
SPL	INVOICE	02/16/2022	DC	Sales Income	154	-9.583	98482	0.21	45.63	
ENDTRNS	
TRNS	INVOICE	02/16/2022	Truck: 154sc	Accounts Receivable	154	0	98484	
SPL	INVOICE	02/16/2022	H2	Sales Income	154	0.0	98484	0.22	0.0	
ENDTRNS	
TRNS	INVOICE	02/17/2022	Truck: 154sf150	Accounts Receivable	154	0	98485	
SPL	INVOICE	02/17/2022	H2	Sales Income	154	0.0	98485	0.13	0.0	
ENDTRNS	
TRNS	INVOICE	02/17/2022	Truck: 154bc1500/	Accounts Receivable	154	0	98486	
SPL	INVOICE	02/17/2022	H2	Sales Income	154	0.0	98486	0.22	0.0	
ENDTRNS	
TRNS	INVOICE	02/17/2022	Truck: 1921-C	Accounts Receivable	162	0	98487	
SPL	INVOICE	02/17/2022	H-2	Sales Income	162	0.0	98487	7.02	0.0	
ENDTRNS	
TRNS	INVOICE	02/17/2022	Truck: 1001JCGCOM	Accounts Receivable	240	150.02	98488	
SPL	INVOICE	02/17/2022	H1	Sales Income	240	-150.02	98488	3.29	45.6	
ENDTRNS	
TRNS	INVOICE	02/17/2022	Truck: 154sc2500/	Accounts Receivable	154	0	98489	
SPL	INVOICE	02/17/2022	I-2	Sales Income	154	0.0	98489	0.12	0.0	
ENDTRNS	
TRNS	INVOICE	02/17/2022	Truck: 154gc1500	Accounts Receivable	154	0	98490	
SPL	INVOICE	02/17/2022	I-2	Sales Income	154	0.0	98490	0.15	0.0	
ENDTRNS	
TRNS	INVOICE	02/14/2022	Truck: 1921-C	Accounts Receivable	162	0	98308	
SPL	INVOICE	02/14/2022	H-2	Sales Income	162	0.0	98308	7.88	0.0	
ENDTRNS	
TRNS	INVOICE	02/14/2022	Truck: 154250	Accounts Receivable	154	0	98309	
SPL	INVOICE	02/14/2022	H2	Sales Income	154	0.0	98309	0.05	0.0	
ENDTRNS	
TRNS	INVOICE	02/14/2022	Truck: 182	Accounts Receivable	236	36.02	98310	
SPL	INVOICE	02/14/2022	DC	Sales Income	236	-36.02	98310	0.79	45.59	
ENDTRNS	
TRNS	INVOICE	02/14/2022	Truck: 182ram	Accounts Receivable	182	9.12	98311	
SPL	INVOICE	02/14/2022	DC	Sales Income	182	-9.12	98311	0.2	45.6	
ENDTRNS	
TRNS	INVOICE	02/15/2022	Truck: 154wf350/t	Accounts Receivable	154	24.17	98381	
SPL	INVOICE	02/15/2022	DC	Sales Income	154	-24.17	98381	0.53	45.6	
ENDTRNS	
TRNS	INVOICE	02/15/2022	Truck: 2679	Accounts Receivable	173	0	98382	
SPL	INVOICE	02/15/2022	H-3	Sales Income	173	0.0	98382	27.04	0.0	
ENDTRNS	
TRNS	INVOICE	02/15/2022	Truck: 1905	Accounts Receivable	162	0	98383	
SPL	INVOICE	02/15/2022	H-2	Sales Income	162	0.0	98383	8.27	0.0	
ENDTRNS	
TRNS	INVOICE	02/15/2022	Truck: CoH2	Accounts Receivable	154	0	98384	
SPL	INVOICE	02/15/2022	I-2	Sales Income	154	0.0	98384	0.29	0.0	
ENDTRNS	
TRNS	INVOICE	02/15/2022	Truck: 154sram350	Accounts Receivable	154	0	98385	
SPL	INVOICE	02/15/2022	H2	Sales Income	154	0.0	98385	0.04	0.0	
ENDTRNS	
TRNS	INVOICE	02/15/2022	Truck: 154ggmc	Accounts Receivable	154	0	98386	
SPL	INVOICE	02/15/2022	H2	Sales Income	154	0.0	98386	0.13	0.0	
ENDTRNS	
TRNS	INVOICE	02/15/2022	Truck: 1924	Accounts Receivable	162	0	98387	
SPL	INVOICE	02/15/2022	H-2	Sales Income	162	0.0	98387	7.49	0.0	
ENDTRNS	
TRNS	INVOICE	02/15/2022	Truck: 1906	Accounts Receivable	162	0	98388	
SPL	INVOICE	02/15/2022	H-2	Sales Income	162	0.0	98388	8.99	0.0	
ENDTRNS	
TRNS	INVOICE	02/15/2022	Truck: 1923	Accounts Receivable	162	0	98389	
SPL	INVOICE	02/15/2022	H-2	Sales Income	162	0.0	98389	9.51	0.0	
ENDTRNS	
TRNS	INVOICE	02/15/2022	Truck: 154gram	Accounts Receivable	154	0	98390	
SPL	INVOICE	02/15/2022	H2	Sales Income	154	0.0	98390	0.18	0.0	
ENDTRNS	
TRNS	INVOICE	02/15/2022	Truck: 154bram	Accounts Receivable	154	0	98391	
SPL	INVOICE	02/15/2022	H2	Sales Income	154	0.0	98391	0.07	0.0	
ENDTRNS	
TRNS	INVOICE	02/15/2022	Truck: 154wtund/t	Accounts Receivable	182	47.88	98392	
SPL	INVOICE	02/15/2022	DC	Sales Income	182	-47.88	98392	1.05	45.6	
ENDTRNS	
TRNS	INVOICE	02/16/2022	Truck: 1001JCGCOM	Accounts Receivable	240	123.12	98417	
SPL	INVOICE	02/16/2022	H1	Sales Income	240	-123.12	98417	2.7	45.6	
ENDTRNS	
TRNS	INVOICE	02/17/2022	Truck: 1921-O	Accounts Receivable	162	0	98516	
SPL	INVOICE	02/17/2022	H-2	Sales Income	162	0.0	98516	1.14	0.0	
ENDTRNS	
TRNS	INVOICE	02/17/2022	Truck: 154bcsilv	Accounts Receivable	154	0	98517	
SPL	INVOICE	02/17/2022	H2	Sales Income	154	0.0	98517	0	0.0	
ENDTRNS	
TRNS	INVOICE	02/17/2022	Truck: 154yram/t	Accounts Receivable	154	0	98518	
SPL	INVOICE	02/17/2022	I-2	Sales Income	154	0.0	98518	0.16	0.0	
ENDTRNS	
TRNS	INVOICE	02/17/2022	Truck: 2679	Accounts Receivable	173	0	98519	
SPL	INVOICE	02/17/2022	H-3	Sales Income	173	0.0	98519	23.64	0.0	
ENDTRNS	
TRNS	INVOICE	02/17/2022	Truck: 154ws10	Accounts Receivable	154	0	98520	
SPL	INVOICE	02/17/2022	I-2	Sales Income	154	0.0	98520	0.14	0.0	
ENDTRNS	
TRNS	INVOICE	02/17/2022	Truck: 154ranger	Accounts Receivable	154	0	98521	
SPL	INVOICE	02/17/2022	I-2	Sales Income	154	0.0	98521	0.09	0.0	
ENDTRNS	
TRNS	INVOICE	02/17/2022	Truck: 154rram/t	Accounts Receivable	154	0	98522	
SPL	INVOICE	02/17/2022	H2	Sales Income	154	0.0	98522	0.55	0.0	
ENDTRNS	
TRNS	INVOICE	02/17/2022	Truck: 154tc2500	Accounts Receivable	154	0	98523	
SPL	INVOICE	02/17/2022	H2	Sales Income	154	0.0	98523	0.09	0.0	
ENDTRNS	
TRNS	INVOICE	02/17/2022	Truck: 154bram250	Accounts Receivable	182	55.08	98524	
SPL	INVOICE	02/17/2022	I-1	Sales Income	182	-55.08	98524	3.06	18.0	
ENDTRNS	
TRNS	INVOICE	02/17/2022	Truck: 182rf150/t	Accounts Receivable	182	29.34	98525	
SPL	INVOICE	02/17/2022	I-1	Sales Income	182	-29.34	98525	1.63	18.0	
ENDTRNS	
TRNS	INVOICE	02/17/2022	Truck: CoH2	Accounts Receivable	154	0	98526	
SPL	INVOICE	02/17/2022	I-2	Sales Income	154	0.0	98526	0.12	0.0	
ENDTRNS	
TRNS	INVOICE	02/17/2022	Truck: 154bf150	Accounts Receivable	154	0	98527	
SPL	INVOICE	02/17/2022	H2	Sales Income	154	0.0	98527	0.1	0.0	
ENDTRNS	
TRNS	INVOICE	02/17/2022	Truck: 154bram	Accounts Receivable	154	3.65	98528	
SPL	INVOICE	02/17/2022	DC	Sales Income	154	-3.65	98528	0.08	45.62	
ENDTRNS	
TRNS	INVOICE	02/17/2022	Truck: 154blf150	Accounts Receivable	154	0	98529	
SPL	INVOICE	02/17/2022	H2	Sales Income	154	0.0	98529	0.06	0.0	
ENDTRNS	
TRNS	INVOICE	02/17/2022	Truck: 1905	Accounts Receivable	162	0	98530	
SPL	INVOICE	02/17/2022	H-2	Sales Income	162	0.0	98530	6.45	0.0	
ENDTRNS	
TRNS	INVOICE	02/17/2022	Truck: 182sc2500	Accounts Receivable	182	27.82	98531	
SPL	INVOICE	02/17/2022	DC	Sales Income	182	-27.82	98531	0.61	45.61	
ENDTRNS	
TRNS	INVOICE	02/17/2022	Truck: 1906	Accounts Receivable	162	0	98532	
SPL	INVOICE	02/17/2022	H-2	Sales Income	162	0.0	98532	6.97	0.0	
ENDTRNS	
TRNS	INVOICE	02/17/2022	Truck: 154ram/t	Accounts Receivable	154	0	98533	
SPL	INVOICE	02/17/2022	H2	Sales Income	154	0.0	98533	0.41	0.0	
ENDTRNS	
TRNS	INVOICE	02/16/2022	Truck: 154wsierra	Accounts Receivable	154	0	98418	
SPL	INVOICE	02/16/2022	H2	Sales Income	154	0.0	98418	0.16	0.0	
ENDTRNS	
TRNS	INVOICE	02/16/2022	Truck: 2679	Accounts Receivable	173	0	98419	
SPL	INVOICE	02/16/2022	H-3	Sales Income	173	0.0	98419	29.15	0.0	
ENDTRNS	
TRNS	INVOICE	02/16/2022	Truck: 154van/t	Accounts Receivable	154	0	98420	
SPL	INVOICE	02/16/2022	H2	Sales Income	154	0.0	98420	0.17	0.0	
ENDTRNS	
TRNS	INVOICE	02/16/2022	Truck: 1001JCG20y	Accounts Receivable	240	75.24	98421	
SPL	INVOICE	02/16/2022	H1	Sales Income	240	-75.24	98421	1.65	45.6	
ENDTRNS	
TRNS	INVOICE	02/16/2022	Truck: 154bgmc/t	Accounts Receivable	154	0	98422	
SPL	INVOICE	02/16/2022	H2	Sales Income	154	0.0	98422	0.65	0.0	
ENDTRNS	
TRNS	INVOICE	02/17/2022	Truck: 154gsilver	Accounts Receivable	154	0	98491	
SPL	INVOICE	02/17/2022	H2	Sales Income	154	0.0	98491	0.07	0.0	
ENDTRNS	
TRNS	INVOICE	02/17/2022	Truck: 2679	Accounts Receivable	173	0	98492	
SPL	INVOICE	02/17/2022	H-3	Sales Income	173	0.0	98492	26.44	0.0	
ENDTRNS	
TRNS	INVOICE	02/17/2022	Truck: 405-1489	Accounts Receivable	150	0	98493	
SPL	INVOICE	02/17/2022	I-2	Sales Income	150	0.0	98493	0.23	0.0	
ENDTRNS	
TRNS	INVOICE	02/17/2022	Truck: 154bf150/t	Accounts Receivable	154	0	98495	
SPL	INVOICE	02/17/2022	H2	Sales Income	154	0.0	98495	0.21	0.0	
ENDTRNS	
TRNS	INVOICE	02/17/2022	Truck: Renne's 94	Accounts Receivable	194	36.48	98496	
SPL	INVOICE	02/17/2022	H1	Sales Income	194	-36.48	98496	0.8	45.6	
ENDTRNS	
TRNS	INVOICE	02/17/2022	Truck: 154sram	Accounts Receivable	154	0	98497	
SPL	INVOICE	02/17/2022	H2	Sales Income	154	0.0	98497	0.16	0.0	
ENDTRNS	
TRNS	INVOICE	02/17/2022	Truck: 154bf150	Accounts Receivable	154	0	98498	
SPL	INVOICE	02/17/2022	H2	Sales Income	154	0.0	98498	0.07	0.0	
ENDTRNS	
TRNS	INVOICE	02/17/2022	Truck: 154bram150	Accounts Receivable	154	0	98499	
SPL	INVOICE	02/17/2022	H2	Sales Income	154	0.0	98499	0.11	0.0	
ENDTRNS	
TRNS	INVOICE	02/17/2022	Truck: 154gtoyo	Accounts Receivable	154	0	98500	
SPL	INVOICE	02/17/2022	I-2	Sales Income	154	0.0	98500	0.13	0.0	
ENDTRNS	
TRNS	INVOICE	02/17/2022	Truck: 182binther	Accounts Receivable	182	245.33	98501	
SPL	INVOICE	02/17/2022	DC	Sales Income	182	-245.33	98501	5.38	45.6	
ENDTRNS	
TRNS	INVOICE	02/17/2022	Truck: 1921-C	Accounts Receivable	162	0	98503	
SPL	INVOICE	02/17/2022	H-2	Sales Income	162	0.0	98503	7.85	0.0	
ENDTRNS	
TRNS	INVOICE	02/17/2022	Truck: 154wrang	Accounts Receivable	154	0	98504	
SPL	INVOICE	02/17/2022	H2	Sales Income	154	0.0	98504	0.11	0.0	
ENDTRNS	
TRNS	INVOICE	02/17/2022	Truck: 154b3500	Accounts Receivable	154	0	98505	
SPL	INVOICE	02/17/2022	H2	Sales Income	154	0.0	98505	0.05	0.0	
ENDTRNS	
TRNS	INVOICE	02/17/2022	Truck: 154wtund	Accounts Receivable	154	0	98506	
SPL	INVOICE	02/17/2022	H2	Sales Income	154	0.0	98506	0.02	0.0	
ENDTRNS	
TRNS	INVOICE	02/17/2022	Truck: 2137	Accounts Receivable	173	0	98507	
SPL	INVOICE	02/17/2022	H-3	Sales Income	173	0.0	98507	28.1	0.0	
ENDTRNS	
TRNS	INVOICE	02/17/2022	Truck: 154rram/t	Accounts Receivable	154	0	98508	
SPL	INVOICE	02/17/2022	H2	Sales Income	154	0.0	98508	0.41	0.0	
ENDTRNS	
TRNS	INVOICE	02/17/2022	Truck: 154bz71	Accounts Receivable	154	0	98509	
SPL	INVOICE	02/17/2022	H2	Sales Income	154	0.0	98509	0.08	0.0	
ENDTRNS	
TRNS	INVOICE	02/17/2022	Truck: 154suv	Accounts Receivable	154	0	98510	
SPL	INVOICE	02/17/2022	H2	Sales Income	154	0.0	98510	0.04	0.0	
ENDTRNS	
TRNS	INVOICE	02/17/2022	Truck: 154bf150	Accounts Receivable	154	0	98511	
SPL	INVOICE	02/17/2022	H2	Sales Income	154	0.0	98511	0.05	0.0	
ENDTRNS	
TRNS	INVOICE	02/17/2022	Truck: 154btoy/t	Accounts Receivable	154	0	98512	
SPL	INVOICE	02/17/2022	H2	Sales Income	154	0.0	98512	0.34	0.0	
ENDTRNS	
TRNS	INVOICE	02/17/2022	Truck: 154bgmc/t	Accounts Receivable	154	0	98513	
SPL	INVOICE	02/17/2022	H2	Sales Income	154	0.0	98513	0.18	0.0	
ENDTRNS	
TRNS	INVOICE	02/17/2022	Truck: 154sc2500	Accounts Receivable	154	0	98514	
SPL	INVOICE	02/17/2022	H2	Sales Income	154	0.0	98514	0.02	0.0	
ENDTRNS	
TRNS	INVOICE	02/17/2022	Truck: 154gram150	Accounts Receivable	154	0	98515	
SPL	INVOICE	02/17/2022	H2	Sales Income	154	0.0	98515	0	0.0	
ENDTRNS	
TRNS	INVOICE	02/18/2022	Truck: 154bc2500/	Accounts Receivable	154	20.98	98564	
SPL	INVOICE	02/18/2022	DC	Sales Income	154	-20.98	98564	0.46	45.61	
ENDTRNS	
TRNS	INVOICE	02/18/2022	Truck: 154wgmc/	Accounts Receivable	154	0	98565	
SPL	INVOICE	02/18/2022	H2	Sales Income	154	0.0	98565	1.06	0.0	
ENDTRNS	
TRNS	INVOICE	02/18/2022	Truck: 154blcsilv	Accounts Receivable	154	0	98566	
SPL	INVOICE	02/18/2022	H2	Sales Income	154	0.0	98566	0.02	0.0	
ENDTRNS	
TRNS	INVOICE	02/18/2022	Truck: 154wgmc/t	Accounts Receivable	154	0	98567	
SPL	INVOICE	02/18/2022	H2	Sales Income	154	0.0	98567	1.08	0.0	
ENDTRNS	
TRNS	INVOICE	02/18/2022	Truck: 154wfrang	Accounts Receivable	182	5.47	98568	
SPL	INVOICE	02/18/2022	DC	Sales Income	182	-5.47	98568	0.12	45.58	
ENDTRNS	
TRNS	INVOICE	02/18/2022	Truck: 1 2 3	Accounts Receivable	154	0	98569	
SPL	INVOICE	02/18/2022	H-2	Sales Income	154	0.0	98569	1.66	0.0	
ENDTRNS	
TRNS	INVOICE	02/18/2022	Truck: 1001JCGCOM	Accounts Receivable	240	152.3	98570	
SPL	INVOICE	02/18/2022	H1	Sales Income	240	-152.3	98570	3.34	45.6	
ENDTRNS	
TRNS	INVOICE	02/18/2022	Truck: 154wf150/	Accounts Receivable	154	0	98571	
SPL	INVOICE	02/18/2022	H2	Sales Income	154	0.0	98571	0.09	0.0	
ENDTRNS	
TRNS	INVOICE	02/18/2022	Truck: 154wc1500	Accounts Receivable	182	6.38	98572	
SPL	INVOICE	02/18/2022	DC	Sales Income	182	-6.38	98572	0.14	45.57	
ENDTRNS	
TRNS	INVOICE	02/18/2022	Truck: Svan/t	Accounts Receivable	154	0	98573	
SPL	INVOICE	02/18/2022	H2	Sales Income	154	0.0	98573	0.14	0.0	
ENDTRNS	
TRNS	INVOICE	02/18/2022	Truck: 1921-I	Accounts Receivable	162	0	98575	
SPL	INVOICE	02/18/2022	I-2	Sales Income	162	0.0	98575	2.5	0.0	
ENDTRNS	
TRNS	INVOICE	02/18/2022	Truck: 2679	Accounts Receivable	173	0	98576	
SPL	INVOICE	02/18/2022	H-3	Sales Income	173	0.0	98576	28.63	0.0	
ENDTRNS	
TRNS	INVOICE	02/18/2022	Truck: blram/t	Accounts Receivable	154	0	98578	
SPL	INVOICE	02/18/2022	I-2	Sales Income	154	0.0	98578	0.3	0.0	
ENDTRNS	
TRNS	INVOICE	02/18/2022	Truck: grtundra	Accounts Receivable	154	0	98579	
SPL	INVOICE	02/18/2022	H2	Sales Income	154	0.0	98579	0.04	0.0	
ENDTRNS	
TRNS	INVOICE	02/18/2022	Truck: grtoy	Accounts Receivable	154	0	98580	
SPL	INVOICE	02/18/2022	H2	Sales Income	154	0.0	98580	0.08	0.0	
ENDTRNS	
TRNS	INVOICE	02/01/2022	Truck: 1706comp	Accounts Receivable	240	109.9	97585	
SPL	INVOICE	02/01/2022	H1	Sales Income	240	-109.9	97585	2.41	45.6	
ENDTRNS	
TRNS	INVOICE	02/01/2022	Truck: 2664	Accounts Receivable	173	0	97586	
SPL	INVOICE	02/01/2022	H-3	Sales Income	173	0.0	97586	24.67	0.0	
ENDTRNS	
TRNS	INVOICE	02/02/2022	Truck: 2679	Accounts Receivable	173	0	97681	
SPL	INVOICE	02/02/2022	H-3	Sales Income	173	0.0	97681	33.25	0.0	
ENDTRNS	
TRNS	INVOICE	02/02/2022	Truck: 154stund/t	Accounts Receivable	154	0	97682	
SPL	INVOICE	02/02/2022	H2	Sales Income	154	0.0	97682	0.1	0.0	
ENDTRNS	
TRNS	INVOICE	02/02/2022	Truck: 1905	Accounts Receivable	162	0	97683	
SPL	INVOICE	02/02/2022	H-2	Sales Income	162	0.0	97683	6.47	0.0	
ENDTRNS	
TRNS	INVOICE	02/02/2022	Truck: 154gc1500	Accounts Receivable	154	0	97684	
SPL	INVOICE	02/02/2022	I-2	Sales Income	154	0.0	97684	0.09	0.0	
ENDTRNS	
TRNS	INVOICE	02/02/2022	Truck: 154btitan	Accounts Receivable	154	0	97685	
SPL	INVOICE	02/02/2022	H2	Sales Income	154	0.0	97685	0.03	0.0	
ENDTRNS	
TRNS	INVOICE	02/02/2022	Truck: 154bf150	Accounts Receivable	154	0	97686	
SPL	INVOICE	02/02/2022	H2	Sales Income	154	0.0	97686	0.05	0.0	
ENDTRNS	
TRNS	INVOICE	02/02/2022	Truck: 154rcar	Accounts Receivable	154	0	97687	
SPL	INVOICE	02/02/2022	H2	Sales Income	154	0.0	97687	0.02	0.0	
ENDTRNS	
TRNS	INVOICE	02/02/2022	Truck: 154bgmc	Accounts Receivable	154	0	97688	
SPL	INVOICE	02/02/2022	H2	Sales Income	154	0.0	97688	0.15	0.0	
ENDTRNS	
TRNS	INVOICE	02/02/2022	Truck: 154wrang	Accounts Receivable	154	0	97689	
SPL	INVOICE	02/02/2022	I-2	Sales Income	154	0.0	97689	0.16	0.0	
ENDTRNS	
TRNS	INVOICE	02/02/2022	Truck: 154wsilve	Accounts Receivable	154	0	97690	
SPL	INVOICE	02/02/2022	H2	Sales Income	154	0.0	97690	0.04	0.0	
ENDTRNS	
TRNS	INVOICE	02/02/2022	Truck: 1924	Accounts Receivable	162	0	97691	
SPL	INVOICE	02/02/2022	H-2	Sales Income	162	0.0	97691	5.62	0.0	
ENDTRNS	
TRNS	INVOICE	02/02/2022	Truck: 1907	Accounts Receivable	162	0	97692	
SPL	INVOICE	02/02/2022	H-2	Sales Income	162	0.0	97692	7.38	0.0	
ENDTRNS	
TRNS	INVOICE	02/02/2022	Truck: 182whiteva	Accounts Receivable	182	79.34	97693	
SPL	INVOICE	02/02/2022	DC	Sales Income	182	-79.34	97693	1.74	45.6	
ENDTRNS	
TRNS	INVOICE	02/02/2022	Truck: 1923	Accounts Receivable	162	0	97694	
SPL	INVOICE	02/02/2022	H-2	Sales Income	162	0.0	97694	9.38	0.0	
ENDTRNS	
TRNS	INVOICE	02/02/2022	Truck: 1925	Accounts Receivable	162	0	97695	
SPL	INVOICE	02/02/2022	H-2	Sales Income	162	0.0	97695	1.36	0.0	
ENDTRNS	
TRNS	INVOICE	02/02/2022	Truck: 154mc1500/	Accounts Receivable	154	0	97696	
SPL	INVOICE	02/02/2022	I-2	Sales Income	154	0.0	97696	0.36	0.0	
ENDTRNS	
TRNS	INVOICE	02/02/2022	Truck: 1906	Accounts Receivable	162	0	97697	
SPL	INVOICE	02/02/2022	H-2	Sales Income	162	0.0	97697	8.39	0.0	
ENDTRNS	
TRNS	INVOICE	02/02/2022	Truck: 154mf150/t	Accounts Receivable	154	0	97698	
SPL	INVOICE	02/02/2022	H2	Sales Income	154	0.0	97698	0.11	0.0	
ENDTRNS	
TRNS	INVOICE	02/02/2022	Truck: CoH2	Accounts Receivable	154	0	97699	
SPL	INVOICE	02/02/2022	I-2	Sales Income	154	0.0	97699	0.27	0.0	
ENDTRNS	
TRNS	INVOICE	02/02/2022	Truck: 154g2500	Accounts Receivable	154	6.84	97700	
SPL	INVOICE	02/02/2022	DC	Sales Income	154	-6.84	97700	0.15	45.6	
ENDTRNS	
TRNS	INVOICE	02/02/2022	Truck: 154gc1500	Accounts Receivable	154	0	97701	
SPL	INVOICE	02/02/2022	I-2	Sales Income	154	0.0	97701	0.08	0.0	
ENDTRNS	
TRNS	INVOICE	02/02/2022	Truck: 154sf150/	Accounts Receivable	154	0	97702	
SPL	INVOICE	02/02/2022	I-2	Sales Income	154	0.0	97702	0.25	0.0	
ENDTRNS	
TRNS	INVOICE	02/03/2022	Truck: 1706cal30	Accounts Receivable	240	89.38	97727	
SPL	INVOICE	02/03/2022	H1	Sales Income	240	-89.38	97727	1.96	45.6	
ENDTRNS	
TRNS	INVOICE	02/03/2022	Truck: 154suv	Accounts Receivable	154	0	97728	
SPL	INVOICE	02/03/2022	H2	Sales Income	154	0.0	97728	0.07	0.0	
ENDTRNS	
TRNS	INVOICE	02/03/2022	Truck: 14bf250	Accounts Receivable	154	0	97729	
SPL	INVOICE	02/03/2022	I-2	Sales Income	154	0.0	97729	0.12	0.0	
ENDTRNS	
TRNS	INVOICE	02/03/2022	Truck: 154gtund	Accounts Receivable	154	0	97730	
SPL	INVOICE	02/03/2022	H2	Sales Income	154	0.0	97730	0.03	0.0	
ENDTRNS	
TRNS	INVOICE	02/03/2022	Truck: CoH2	Accounts Receivable	154	0	97731	
SPL	INVOICE	02/03/2022	I-2	Sales Income	154	0.0	97731	0.27	0.0	
ENDTRNS	
TRNS	INVOICE	02/03/2022	Truck: 154wf150/t	Accounts Receivable	154	3.19	97732	
SPL	INVOICE	02/03/2022	DC	Sales Income	154	-3.19	97732	0.07	45.57	
ENDTRNS	
TRNS	INVOICE	02/03/2022	Truck: 154wvan	Accounts Receivable	154	53.35	97733	
SPL	INVOICE	02/03/2022	DC	Sales Income	154	-53.35	97733	1.17	45.6	
ENDTRNS	
TRNS	INVOICE	02/03/2022	Truck: 1921-O	Accounts Receivable	162	0	97735	
SPL	INVOICE	02/03/2022	H-2	Sales Income	162	0.0	97735	4.11	0.0	
ENDTRNS	
TRNS	INVOICE	02/03/2022	Truck: 1921-C	Accounts Receivable	162	0	97736	
SPL	INVOICE	02/03/2022	H-2	Sales Income	162	0.0	97736	7.43	0.0	
ENDTRNS	
TRNS	INVOICE	02/03/2022	Truck: 154wsuv	Accounts Receivable	154	0	97737	
SPL	INVOICE	02/03/2022	H2	Sales Income	154	0.0	97737	0	0.0	
ENDTRNS	
TRNS	INVOICE	02/03/2022	Truck: 1 2 3	Accounts Receivable	154	0	97738	
SPL	INVOICE	02/03/2022	H-2	Sales Income	154	0.0	97738	1.33	0.0	
ENDTRNS	
TRNS	INVOICE	02/03/2022	Truck: 154wgmc/t	Accounts Receivable	154	0	97739	
SPL	INVOICE	02/03/2022	H2	Sales Income	154	0.0	97739	0.25	0.0	
ENDTRNS	
TRNS	INVOICE	02/03/2022	Truck: 154wf150	Accounts Receivable	154	0	97740	
SPL	INVOICE	02/03/2022	H2	Sales Income	154	0.0	97740	0.15	0.0	
ENDTRNS	
TRNS	INVOICE	02/01/2022	Truck: 154ram	Accounts Receivable	154	0	97587	
SPL	INVOICE	02/01/2022	H2	Sales Income	154	0.0	97587	0.06	0.0	
ENDTRNS	
TRNS	INVOICE	02/01/2022	Truck: 154150	Accounts Receivable	154	0	97588	
SPL	INVOICE	02/01/2022	H2	Sales Income	154	0.0	97588	0.1	0.0	
ENDTRNS	
TRNS	INVOICE	02/01/2022	Truck: 2679	Accounts Receivable	173	0	97589	
SPL	INVOICE	02/01/2022	H-3	Sales Income	173	0.0	97589	21	0.0	
ENDTRNS	
TRNS	INVOICE	02/01/2022	Truck: 182davis	Accounts Receivable	182	73.42	97590	
SPL	INVOICE	02/01/2022	H1	Sales Income	182	-73.42	97590	1.61	45.6	
ENDTRNS	
TRNS	INVOICE	02/01/2022	Truck: 154blk	Accounts Receivable	154	0	97591	
SPL	INVOICE	02/01/2022	H2	Sales Income	154	0.0	97591	0.08	0.0	
ENDTRNS	
TRNS	INVOICE	02/01/2022	Truck: 1706JCG20	Accounts Receivable	240	41.04	97592	
SPL	INVOICE	02/01/2022	H1	Sales Income	240	-41.04	97592	0.9	45.6	
ENDTRNS	
TRNS	INVOICE	02/01/2022	Truck: 182dump	Accounts Receivable	182	77.98	97593	
SPL	INVOICE	02/01/2022	H1	Sales Income	182	-77.98	97593	1.71	45.6	
ENDTRNS	
TRNS	INVOICE	02/01/2022	Truck: 154van	Accounts Receivable	154	0	97594	
SPL	INVOICE	02/01/2022	H2	Sales Income	154	0.0	97594	0.09	0.0	
ENDTRNS	
TRNS	INVOICE	02/01/2022	Truck: 182gold	Accounts Receivable	182	132.7	97595	
SPL	INVOICE	02/01/2022	H1	Sales Income	182	-132.7	97595	2.91	45.6	
ENDTRNS	
TRNS	INVOICE	02/01/2022	Truck: 154w	Accounts Receivable	154	0	97596	
SPL	INVOICE	02/01/2022	H2	Sales Income	154	0.0	97596	0.05	0.0	
ENDTRNS	
TRNS	INVOICE	02/01/2022	Truck: 182reh	Accounts Receivable	182	59.28	97597	
SPL	INVOICE	02/01/2022	DC	Sales Income	182	-59.28	97597	1.3	45.6	
ENDTRNS	
TRNS	INVOICE	02/01/2022	Truck: 182red	Accounts Receivable	182	6.84	97598	
SPL	INVOICE	02/01/2022	DC	Sales Income	182	-6.84	97598	0.15	45.6	
ENDTRNS	
TRNS	INVOICE	02/01/2022	Truck: 182fx4	Accounts Receivable	182	5.47	97599	
SPL	INVOICE	02/01/2022	DC	Sales Income	182	-5.47	97599	0.12	45.58	
ENDTRNS	
TRNS	INVOICE	02/01/2022	Truck: 154stump	Accounts Receivable	154	0	97600	
SPL	INVOICE	02/01/2022	I-2	Sales Income	154	0.0	97600	6.58	0.0	
ENDTRNS	
TRNS	INVOICE	02/01/2022	Truck: 154w	Accounts Receivable	154	0	97601	
SPL	INVOICE	02/01/2022	H2	Sales Income	154	0.0	97601	0.15	0.0	
ENDTRNS	
TRNS	INVOICE	02/01/2022	Truck: 154white	Accounts Receivable	154	0	97602	
SPL	INVOICE	02/01/2022	H2	Sales Income	154	0.0	97602	0.2	0.0	
ENDTRNS	
TRNS	INVOICE	02/01/2022	Truck: 154trd	Accounts Receivable	154	0	97603	
SPL	INVOICE	02/01/2022	I-2	Sales Income	154	0.0	97603	0.25	0.0	
ENDTRNS	
TRNS	INVOICE	02/01/2022	Truck: 182fx4	Accounts Receivable	182	46.51	97604	
SPL	INVOICE	02/01/2022	DC	Sales Income	182	-46.51	97604	1.02	45.6	
ENDTRNS	
TRNS	INVOICE	02/01/2022	Truck: 2497	Accounts Receivable	173	0	97605	
SPL	INVOICE	02/01/2022	H-3	Sales Income	173	0.0	97605	25.21	0.0	
ENDTRNS	
TRNS	INVOICE	02/01/2022	Truck: 182jimmy	Accounts Receivable	182	107.62	97606	
SPL	INVOICE	02/01/2022	DC	Sales Income	182	-107.62	97606	2.36	45.6	
ENDTRNS	
TRNS	INVOICE	02/01/2022	Truck: 1925	Accounts Receivable	162	0	97607	
SPL	INVOICE	02/01/2022	H-2	Sales Income	162	0.0	97607	7.48	0.0	
ENDTRNS	
TRNS	INVOICE	02/01/2022	Truck: 154toy	Accounts Receivable	154	0	97608	
SPL	INVOICE	02/01/2022	I-2	Sales Income	154	0.0	97608	0.85	0.0	
ENDTRNS	
TRNS	INVOICE	02/01/2022	Truck: 154f	Accounts Receivable	154	0	97609	
SPL	INVOICE	02/01/2022	H2	Sales Income	154	0.0	97609	0.42	0.0	
ENDTRNS	
TRNS	INVOICE	02/01/2022	Truck: 2679	Accounts Receivable	173	0	97610	
SPL	INVOICE	02/01/2022	H-3	Sales Income	173	0.0	97610	24.49	0.0	
ENDTRNS	
TRNS	INVOICE	02/01/2022	Truck: 182davis	Accounts Receivable	182	61.1	97611	
SPL	INVOICE	02/01/2022	DC	Sales Income	182	-61.1	97611	1.34	45.6	
ENDTRNS	
TRNS	INVOICE	02/01/2022	Truck: 154gtac/t	Accounts Receivable	154	0	97612	
SPL	INVOICE	02/01/2022	H2	Sales Income	154	0.0	97612	0.28	0.0	
ENDTRNS	
TRNS	INVOICE	02/01/2022	Truck: 154mgmc/t	Accounts Receivable	154	0	97613	
SPL	INVOICE	02/01/2022	I-2	Sales Income	154	0.0	97613	0.15	0.0	
ENDTRNS	
TRNS	INVOICE	02/01/2022	Truck: 154rf150	Accounts Receivable	154	0	97614	
SPL	INVOICE	02/01/2022	H2	Sales Income	154	0.0	97614	0.09	0.0	
ENDTRNS	
TRNS	INVOICE	02/01/2022	Truck: 154gccoo	Accounts Receivable	154	0	97615	
SPL	INVOICE	02/01/2022	H2	Sales Income	154	0.0	97615	0.18	0.0	
ENDTRNS	
TRNS	INVOICE	02/01/2022	Truck: 154gtaco	Accounts Receivable	154	0	97616	
SPL	INVOICE	02/01/2022	I-2	Sales Income	154	0.0	97616	0.71	0.0	
ENDTRNS	
TRNS	INVOICE	02/01/2022	Truck: 182reh	Accounts Receivable	182	72.05	97617	
SPL	INVOICE	02/01/2022	DC	Sales Income	182	-72.05	97617	1.58	45.6	
ENDTRNS	
TRNS	INVOICE	02/01/2022	Truck: 154wtacom	Accounts Receivable	154	0	97618	
SPL	INVOICE	02/01/2022	H2	Sales Income	154	0.0	97618	0.11	0.0	
ENDTRNS	
TRNS	INVOICE	02/01/2022	Truck: 154sc1500	Accounts Receivable	154	0	97619	
SPL	INVOICE	02/01/2022	H2	Sales Income	154	0.0	97619	0.09	0.0	
ENDTRNS	
TRNS	INVOICE	02/01/2022	Truck: 1907	Accounts Receivable	162	0	97620	
SPL	INVOICE	02/01/2022	H-2	Sales Income	162	0.0	97620	8.6	0.0	
ENDTRNS	
TRNS	INVOICE	02/01/2022	Truck: 154bf150	Accounts Receivable	182	5.93	97621	
SPL	INVOICE	02/01/2022	DC	Sales Income	182	-5.93	97621	0.13	45.62	
ENDTRNS	
TRNS	INVOICE	02/01/2022	Truck: 154rram	Accounts Receivable	154	0	97622	
SPL	INVOICE	02/01/2022	H2	Sales Income	154	0.0	97622	0.05	0.0	
ENDTRNS	
TRNS	INVOICE	02/01/2022	Truck: 154bl	Accounts Receivable	154	0	97641	
SPL	INVOICE	02/01/2022	H2	Sales Income	154	0.0	97641	0.13	0.0	
ENDTRNS	
TRNS	INVOICE	02/01/2022	Truck: CoH2	Accounts Receivable	154	0	97642	
SPL	INVOICE	02/01/2022	I-2	Sales Income	154	0.0	97642	0.3	0.0	
ENDTRNS	
TRNS	INVOICE	02/01/2022	Truck: 154gjeep/	Accounts Receivable	154	0	97643	
SPL	INVOICE	02/01/2022	H2	Sales Income	154	0.0	97643	0.1	0.0	
ENDTRNS	
TRNS	INVOICE	02/01/2022	Truck: 154svan/t	Accounts Receivable	154	0	97644	
SPL	INVOICE	02/01/2022	H2	Sales Income	154	0.0	97644	0.26	0.0	
ENDTRNS	
TRNS	INVOICE	02/01/2022	Truck: 154wf250/t	Accounts Receivable	154	15.05	97645	
SPL	INVOICE	02/01/2022	DC	Sales Income	154	-15.05	97645	0.33	45.61	
ENDTRNS	
TRNS	INVOICE	02/01/2022	Truck: 154wvan	Accounts Receivable	154	0	97646	
SPL	INVOICE	02/01/2022	H2	Sales Income	154	0.0	97646	0.65	0.0	
ENDTRNS	
TRNS	INVOICE	02/01/2022	Truck: 154wtund	Accounts Receivable	154	0	97647	
SPL	INVOICE	02/01/2022	H2	Sales Income	154	0.0	97647	0.02	0.0	
ENDTRNS	
TRNS	INVOICE	02/01/2022	Truck: 1906	Accounts Receivable	162	0	97648	
SPL	INVOICE	02/01/2022	H-2	Sales Income	162	0.0	97648	9.42	0.0	
ENDTRNS	
TRNS	INVOICE	02/01/2022	Truck: 182davis	Accounts Receivable	182	54.72	97649	
SPL	INVOICE	02/01/2022	H1	Sales Income	182	-54.72	97649	1.2	45.6	
ENDTRNS	
TRNS	INVOICE	02/01/2022	Truck: 154bf150	Accounts Receivable	182	7.75	97650	
SPL	INVOICE	02/01/2022	DC	Sales Income	182	-7.75	97650	0.17	45.59	
ENDTRNS	
TRNS	INVOICE	02/01/2022	Truck: 2679	Accounts Receivable	173	0	97651	
SPL	INVOICE	02/01/2022	H-3	Sales Income	173	0.0	97651	29.87	0.0	
ENDTRNS	
TRNS	INVOICE	02/01/2022	Truck: 154Wcz71	Accounts Receivable	154	0	97652	
SPL	INVOICE	02/01/2022	H2	Sales Income	154	0.0	97652	0.02	0.0	
ENDTRNS	
TRNS	INVOICE	02/01/2022	Truck: 182wf350/t	Accounts Receivable	182	179.66	97653	
SPL	INVOICE	02/01/2022	DC	Sales Income	182	-179.66	97653	3.94	45.6	
ENDTRNS	
TRNS	INVOICE	02/01/2022	Truck: 154van/t	Accounts Receivable	154	0	97654	
SPL	INVOICE	02/01/2022	H2	Sales Income	154	0.0	97654	0.06	0.0	
ENDTRNS	
TRNS	INVOICE	02/01/2022	Truck: 154wf150	Accounts Receivable	154	0	97655	
SPL	INVOICE	02/01/2022	I-2	Sales Income	154	0.0	97655	0.23	0.0	
ENDTRNS	
TRNS	INVOICE	02/01/2022	Truck: 154scsil/t	Accounts Receivable	182	175.56	97656	
SPL	INVOICE	02/01/2022	DC	Sales Income	182	-175.56	97656	3.85	45.6	
ENDTRNS	
TRNS	INVOICE	02/02/2022	Truck: 154stund	Accounts Receivable	154	0	97679	
SPL	INVOICE	02/02/2022	H2	Sales Income	154	0.0	97679	0.3	0.0	
ENDTRNS	
TRNS	INVOICE	02/02/2022	Truck: 1925	Accounts Receivable	162	0	97680	
SPL	INVOICE	02/02/2022	H-2	Sales Income	162	0.0	97680	7.71	0.0	
ENDTRNS	
TRNS	INVOICE	02/03/2022	Truck: 154bram/t	Accounts Receivable	154	0	97741	
SPL	INVOICE	02/03/2022	H2	Sales Income	154	0.0	97741	0.33	0.0	
ENDTRNS	
TRNS	INVOICE	02/03/2022	Truck: 154yram	Accounts Receivable	154	0	97742	
SPL	INVOICE	02/03/2022	H2	Sales Income	154	0.0	97742	0.04	0.0	
ENDTRNS	
TRNS	INVOICE	02/03/2022	Truck: 2679	Accounts Receivable	173	0	97743	
SPL	INVOICE	02/03/2022	H-3	Sales Income	173	0.0	97743	24.2	0.0	
ENDTRNS	
TRNS	INVOICE	02/03/2022	Truck: 154kai	Accounts Receivable	154	0	97744	
SPL	INVOICE	02/03/2022	H2	Sales Income	154	0.0	97744	0	0.0	
ENDTRNS	
TRNS	INVOICE	02/03/2022	Truck: 1539prison	Accounts Receivable	154	0	97745	
SPL	INVOICE	02/03/2022	H2	Sales Income	154	0.0	97745	0.23	0.0	
ENDTRNS	
TRNS	INVOICE	02/03/2022	Truck: 154bf350	Accounts Receivable	182	5.02	97746	
SPL	INVOICE	02/03/2022	DC	Sales Income	182	-5.02	97746	0.11	45.64	
ENDTRNS	
TRNS	INVOICE	02/03/2022	Truck: 154bf150/	Accounts Receivable	154	39.22	97747	
SPL	INVOICE	02/03/2022	DC	Sales Income	154	-39.22	97747	0.86	45.6	
ENDTRNS	
TRNS	INVOICE	02/03/2022	Truck: 1923	Accounts Receivable	162	0	97748	
SPL	INVOICE	02/03/2022	H-2	Sales Income	162	0.0	97748	7.47	0.0	
ENDTRNS	
TRNS	INVOICE	02/03/2022	Truck: 1905	Accounts Receivable	162	0	97749	
SPL	INVOICE	02/03/2022	H-2	Sales Income	162	0.0	97749	6.3	0.0	
ENDTRNS	
TRNS	INVOICE	02/03/2022	Truck: 154bpower	Accounts Receivable	154	0	97750	
SPL	INVOICE	02/03/2022	H2	Sales Income	154	0.0	97750	0.03	0.0	
ENDTRNS	
TRNS	INVOICE	02/03/2022	Truck: 154rtoy	Accounts Receivable	154	0	97751	
SPL	INVOICE	02/03/2022	H2	Sales Income	154	0.0	97751	0.02	0.0	
ENDTRNS	
TRNS	INVOICE	02/03/2022	Truck: 154mram/	Accounts Receivable	154	0	97752	
SPL	INVOICE	02/03/2022	H2	Sales Income	154	0.0	97752	0.25	0.0	
ENDTRNS	
TRNS	INVOICE	02/03/2022	Truck: 1907	Accounts Receivable	162	0	97753	
SPL	INVOICE	02/03/2022	H-2	Sales Income	162	0.0	97753	6.4	0.0	
ENDTRNS	
TRNS	INVOICE	02/03/2022	Truck: 1925	Accounts Receivable	162	0	97754	
SPL	INVOICE	02/03/2022	H-2	Sales Income	162	0.0	97754	5.75	0.0	
ENDTRNS	
TRNS	INVOICE	02/03/2022	Truck: 1905	Accounts Receivable	162	0	97755	
SPL	INVOICE	02/03/2022	H-2	Sales Income	162	0.0	97755	10.89	0.0	
ENDTRNS	
TRNS	INVOICE	02/03/2022	Truck: 1921-O	Accounts Receivable	162	0	97756	
SPL	INVOICE	02/03/2022	H-2	Sales Income	162	0.0	97756	2.64	0.0	
ENDTRNS	
TRNS	INVOICE	02/03/2022	Truck: 1921-I	Accounts Receivable	162	0	97757	
SPL	INVOICE	02/03/2022	I-2	Sales Income	162	0.0	97757	2.49	0.0	
ENDTRNS	
TRNS	INVOICE	02/03/2022	Truck: 154wf150	Accounts Receivable	154	24.17	97758	
SPL	INVOICE	02/03/2022	DC	Sales Income	154	-24.17	97758	0.53	45.6	
ENDTRNS	
TRNS	INVOICE	02/05/2022	Truck: 154rtac	Accounts Receivable	154	0	97804	
SPL	INVOICE	02/05/2022	H2	Sales Income	154	0.0	97804	0.01	0.0	
ENDTRNS	
TRNS	INVOICE	02/05/2022	Truck: 154ttac	Accounts Receivable	154	0	97805	
SPL	INVOICE	02/05/2022	H2	Sales Income	154	0.0	97805	0.08	0.0	
ENDTRNS	
TRNS	INVOICE	02/05/2022	Truck: 154wf350/t	Accounts Receivable	154	126.31	97806	
SPL	INVOICE	02/05/2022	DC	Sales Income	154	-126.31	97806	2.77	45.6	
ENDTRNS	
TRNS	INVOICE	02/05/2022	Truck: 154gcolo	Accounts Receivable	154	0	97807	
SPL	INVOICE	02/05/2022	H2	Sales Income	154	0.0	97807	0.01	0.0	
ENDTRNS	
TRNS	INVOICE	02/05/2022	Truck: 154stitan	Accounts Receivable	154	0	97808	
SPL	INVOICE	02/05/2022	H2	Sales Income	154	0.0	97808	0.17	0.0	
ENDTRNS	
TRNS	INVOICE	02/05/2022	Truck: 154taho/t	Accounts Receivable	154	0	97809	
SPL	INVOICE	02/05/2022	H2	Sales Income	154	0.0	97809	0.1	0.0	
ENDTRNS	
TRNS	INVOICE	02/05/2022	Truck: 154bsier	Accounts Receivable	154	0	97810	
SPL	INVOICE	02/05/2022	H2	Sales Income	154	0.0	97810	0.11	0.0	
ENDTRNS	
TRNS	INVOICE	02/05/2022	Truck: 154bram	Accounts Receivable	154	0	97811	
SPL	INVOICE	02/05/2022	H2	Sales Income	154	0.0	97811	0.35	0.0	
ENDTRNS	
TRNS	INVOICE	02/05/2022	Truck: 154wc2500	Accounts Receivable	154	0	97812	
SPL	INVOICE	02/05/2022	H2	Sales Income	154	0.0	97812	0.1	0.0	
ENDTRNS	
TRNS	INVOICE	02/05/2022	Truck: 154bt/t	Accounts Receivable	182	38.76	97813	
SPL	INVOICE	02/05/2022	DC	Sales Income	182	-38.76	97813	1.52	25.5	
ENDTRNS	
TRNS	INVOICE	02/05/2022	Truck: 154bf150/t	Accounts Receivable	154	0	97814	
SPL	INVOICE	02/05/2022	H2	Sales Income	154	0.0	97814	0.16	0.0	
ENDTRNS	
TRNS	INVOICE	02/05/2022	Truck: 154bc1500	Accounts Receivable	154	0	97815	
SPL	INVOICE	02/05/2022	H2	Sales Income	154	0.0	97815	0.03	0.0	
ENDTRNS	
TRNS	INVOICE	02/05/2022	Truck: 154rjeep/t	Accounts Receivable	154	0	97816	
SPL	INVOICE	02/05/2022	H2	Sales Income	154	0.0	97816	0.08	0.0	
ENDTRNS	
TRNS	INVOICE	02/05/2022	Truck: 154wtund	Accounts Receivable	154	0	97817	
SPL	INVOICE	02/05/2022	H2	Sales Income	154	0.0	97817	0.05	0.0	
ENDTRNS	
TRNS	INVOICE	02/05/2022	Truck: 154stac	Accounts Receivable	154	0	97818	
SPL	INVOICE	02/05/2022	H2	Sales Income	154	0.0	97818	0.16	0.0	
ENDTRNS	
TRNS	INVOICE	02/05/2022	Truck: 154wutil/t	Accounts Receivable	154	0	97819	
SPL	INVOICE	02/05/2022	H2	Sales Income	154	0.0	97819	0.21	0.0	
ENDTRNS	
TRNS	INVOICE	02/05/2022	Truck: 154rsil/t	Accounts Receivable	154	0	97820	
SPL	INVOICE	02/05/2022	H2	Sales Income	154	0.0	97820	0.08	0.0	
ENDTRNS	
TRNS	INVOICE	02/05/2022	Truck: 154bram	Accounts Receivable	154	0	97821	
SPL	INVOICE	02/05/2022	H2	Sales Income	154	0.0	97821	0.06	0.0	
ENDTRNS	
TRNS	INVOICE	02/05/2022	Truck: 154wcutil	Accounts Receivable	154	16.42	97840	
SPL	INVOICE	02/05/2022	DC	Sales Income	154	-16.42	97840	0.36	45.61	
ENDTRNS	
TRNS	INVOICE	02/05/2022	Truck: 154wc2500	Accounts Receivable	154	0	97841	
SPL	INVOICE	02/05/2022	H2	Sales Income	154	0.0	97841	0.12	0.0	
ENDTRNS	
TRNS	INVOICE	02/05/2022	Truck: Williams	Accounts Receivable	154	0	97842	
SPL	INVOICE	02/05/2022	H2	Sales Income	154	0.0	97842	0.14	0.0	
ENDTRNS	
TRNS	INVOICE	02/05/2022	Truck: 154btund/t	Accounts Receivable	154	0	97843	
SPL	INVOICE	02/05/2022	I-2	Sales Income	154	0.0	97843	0.14	0.0	
ENDTRNS	
TRNS	INVOICE	02/05/2022	Truck: 154gram/t	Accounts Receivable	154	0	97844	
SPL	INVOICE	02/05/2022	H2	Sales Income	154	0.0	97844	1.2	0.0	
ENDTRNS	
TRNS	INVOICE	02/05/2022	Truck: 154b;	Accounts Receivable	154	0	97845	
SPL	INVOICE	02/05/2022	H2	Sales Income	154	0.0	97845	0.36	0.0	
ENDTRNS	
TRNS	INVOICE	02/05/2022	Truck: 154bcz71/t	Accounts Receivable	154	0	97847	
SPL	INVOICE	02/05/2022	H2	Sales Income	154	0.0	97847	0.21	0.0	
ENDTRNS	
TRNS	INVOICE	02/05/2022	Truck: 154mf150	Accounts Receivable	154	0	97848	
SPL	INVOICE	02/05/2022	H2	Sales Income	154	0.0	97848	0.14	0.0	
ENDTRNS	
TRNS	INVOICE	02/05/2022	Truck: 154wsuv/t	Accounts Receivable	154	9.12	97849	
SPL	INVOICE	02/05/2022	DC	Sales Income	154	-9.12	97849	0.2	45.6	
ENDTRNS	
TRNS	INVOICE	02/05/2022	Truck: 182sc2500/	Accounts Receivable	182	36.94	97850	
SPL	INVOICE	02/05/2022	H1	Sales Income	182	-36.94	97850	0.81	45.6	
ENDTRNS	
TRNS	INVOICE	02/05/2022	Truck: 154bcz71	Accounts Receivable	154	0	97851	
SPL	INVOICE	02/05/2022	H2	Sales Income	154	0.0	97851	0.02	0.0	
ENDTRNS	
TRNS	INVOICE	02/05/2022	Truck: 182wd/t	Accounts Receivable	182	30.1	97852	
SPL	INVOICE	02/05/2022	H1	Sales Income	182	-30.1	97852	0.66	45.61	
ENDTRNS	
TRNS	INVOICE	02/05/2022	Truck: 154bgmc	Accounts Receivable	154	0	97853	
SPL	INVOICE	02/05/2022	H2	Sales Income	154	0.0	97853	0.17	0.0	
ENDTRNS	
TRNS	INVOICE	02/05/2022	Truck: 154gtac	Accounts Receivable	154	0	97854	
SPL	INVOICE	02/05/2022	I-2	Sales Income	154	0.0	97854	0.11	0.0	
ENDTRNS	
TRNS	INVOICE	02/05/2022	Truck: 154wf150/t	Accounts Receivable	154	0	97855	
SPL	INVOICE	02/05/2022	H2	Sales Income	154	0.0	97855	0.2	0.0	
ENDTRNS	
TRNS	INVOICE	02/05/2022	Truck: 154wf250/t	Accounts Receivable	154	0	97856	
SPL	INVOICE	02/05/2022	H2	Sales Income	154	0.0	97856	0.3	0.0	
ENDTRNS	
TRNS	INVOICE	02/05/2022	Truck: 154scsilv	Accounts Receivable	154	0	97857	
SPL	INVOICE	02/05/2022	H2	Sales Income	154	0.0	97857	0.08	0.0	
ENDTRNS	
TRNS	INVOICE	02/05/2022	Truck: 154sf150/t	Accounts Receivable	154	0	97858	
SPL	INVOICE	02/05/2022	H2	Sales Income	154	0.0	97858	0.33	0.0	
ENDTRNS	
TRNS	INVOICE	02/05/2022	Truck: 154bgmc	Accounts Receivable	154	0	97877	
SPL	INVOICE	02/05/2022	H2	Sales Income	154	0.0	97877	0.15	0.0	
ENDTRNS	
TRNS	INVOICE	02/05/2022	Truck: 154bf150/t	Accounts Receivable	154	0	97878	
SPL	INVOICE	02/05/2022	H2	Sales Income	154	0.0	97878	0.1	0.0	
ENDTRNS	
TRNS	INVOICE	02/05/2022	Truck: 154sc	Accounts Receivable	154	0	97879	
SPL	INVOICE	02/05/2022	H2	Sales Income	154	0.0	97879	0.01	0.0	
ENDTRNS	
TRNS	INVOICE	02/05/2022	Truck: 154suv/t	Accounts Receivable	154	0	97881	
SPL	INVOICE	02/05/2022	H2	Sales Income	154	0.0	97881	0.2	0.0	
ENDTRNS	
TRNS	INVOICE	02/05/2022	Truck: 154wfd/t	Accounts Receivable	154	0	97882	
SPL	INVOICE	02/05/2022	H2	Sales Income	154	0.0	97882	0.22	0.0	
ENDTRNS	
TRNS	INVOICE	02/05/2022	Truck: 154gs10	Accounts Receivable	154	0	97883	
SPL	INVOICE	02/05/2022	H2	Sales Income	154	0.0	97883	0.01	0.0	
ENDTRNS	
TRNS	INVOICE	02/07/2022	Truck: 182GARSOL	Accounts Receivable	182	39.78	97916	
SPL	INVOICE	02/07/2022	I-1	Sales Income	182	-39.78	97916	2.21	18.0	
ENDTRNS	
TRNS	INVOICE	02/07/2022	Truck: 154GNIS	Accounts Receivable	154	0	97917	
SPL	INVOICE	02/07/2022	H2	Sales Income	154	0.0	97917	0.44	0.0	
ENDTRNS	
TRNS	INVOICE	02/07/2022	Truck: 154GRNCHEV	Accounts Receivable	154	0	97918	
SPL	INVOICE	02/07/2022	H2	Sales Income	154	0.0	97918	0.04	0.0	
ENDTRNS	
TRNS	INVOICE	02/07/2022	Truck: 154G150	Accounts Receivable	154	0	97919	
SPL	INVOICE	02/07/2022	H2	Sales Income	154	0.0	97919	1.18	0.0	
ENDTRNS	
TRNS	INVOICE	02/07/2022	Truck: 154BS10	Accounts Receivable	154	0	97920	
SPL	INVOICE	02/07/2022	I-2	Sales Income	154	0.0	97920	0.18	0.0	
ENDTRNS	
TRNS	INVOICE	02/07/2022	Truck: 154GCOL	Accounts Receivable	154	0	97921	
SPL	INVOICE	02/07/2022	H2	Sales Income	154	0.0	97921	0.07	0.0	
ENDTRNS	
TRNS	INVOICE	02/07/2022	Truck: 154OUTDOOR	Accounts Receivable	154	0	97922	
SPL	INVOICE	02/07/2022	H2	Sales Income	154	0.0	97922	0.55	0.0	
ENDTRNS	
TRNS	INVOICE	02/07/2022	Truck: 154SILCHEV	Accounts Receivable	154	0	97923	
SPL	INVOICE	02/07/2022	H2	Sales Income	154	0.0	97923	0.05	0.0	
ENDTRNS	
TRNS	INVOICE	02/07/2022	Truck: 154GUY	Accounts Receivable	154	0	97924	
SPL	INVOICE	02/07/2022	H2	Sales Income	154	0.0	97924	0.04	0.0	
ENDTRNS	
TRNS	INVOICE	02/07/2022	Truck: 1 2 3	Accounts Receivable	154	0	97925	
SPL	INVOICE	02/07/2022	H-2	Sales Income	154	0.0	97925	1.86	0.0	
ENDTRNS	
TRNS	INVOICE	02/07/2022	Truck: 1921-O	Accounts Receivable	162	0	97926	
SPL	INVOICE	02/07/2022	H-2	Sales Income	162	0.0	97926	3.03	0.0	
ENDTRNS	
TRNS	INVOICE	02/07/2022	Truck: 154silchev	Accounts Receivable	154	0	97927	
SPL	INVOICE	02/07/2022	H2	Sales Income	154	0.0	97927	0.16	0.0	
ENDTRNS	
TRNS	INVOICE	02/07/2022	Truck: 154wf250	Accounts Receivable	154	0	97928	
SPL	INVOICE	02/07/2022	H2	Sales Income	154	0.0	97928	0.03	0.0	
ENDTRNS	
TRNS	INVOICE	02/07/2022	Truck: 154gdod	Accounts Receivable	154	0	97929	
SPL	INVOICE	02/07/2022	I-2	Sales Income	154	0.0	97929	0.14	0.0	
ENDTRNS	
TRNS	INVOICE	02/07/2022	Truck: 1925	Accounts Receivable	162	0	97930	
SPL	INVOICE	02/07/2022	H-2	Sales Income	162	0.0	97930	8	0.0	
ENDTRNS	
TRNS	INVOICE	02/07/2022	Truck: 1905	Accounts Receivable	162	0	97931	
SPL	INVOICE	02/07/2022	H-2	Sales Income	162	0.0	97931	5.47	0.0	
ENDTRNS	
TRNS	INVOICE	02/07/2022	Truck: 1907	Accounts Receivable	162	0	97932	
SPL	INVOICE	02/07/2022	H-2	Sales Income	162	0.0	97932	6.43	0.0	
ENDTRNS	
TRNS	INVOICE	02/07/2022	Truck: 154gram	Accounts Receivable	154	0	97933	
SPL	INVOICE	02/07/2022	H2	Sales Income	154	0.0	97933	0.61	0.0	
ENDTRNS	
TRNS	INVOICE	02/07/2022	Truck: CoH2	Accounts Receivable	154	0	97934	
SPL	INVOICE	02/07/2022	I-2	Sales Income	154	0.0	97934	0.31	0.0	
ENDTRNS	
TRNS	INVOICE	02/07/2022	Truck: 154blkchev	Accounts Receivable	154	0	97935	
SPL	INVOICE	02/07/2022	H2	Sales Income	154	0.0	97935	0.07	0.0	
ENDTRNS	
TRNS	INVOICE	02/07/2022	Truck: 1923	Accounts Receivable	162	0	97936	
SPL	INVOICE	02/07/2022	H-2	Sales Income	162	0.0	97936	9.95	0.0	
ENDTRNS	
TRNS	INVOICE	02/07/2022	Truck: 1906	Accounts Receivable	162	0	97937	
SPL	INVOICE	02/07/2022	H-2	Sales Income	162	0.0	97937	9.72	0.0	
ENDTRNS	
TRNS	INVOICE	02/07/2022	Truck: 182garsol	Accounts Receivable	182	25.2	97938	
SPL	INVOICE	02/07/2022	I-1	Sales Income	182	-25.2	97938	1.4	18.0	
ENDTRNS	
TRNS	INVOICE	02/07/2022	Truck: 154bram	Accounts Receivable	154	0	97939	
SPL	INVOICE	02/07/2022	H2	Sales Income	154	0.0	97939	0.17	0.0	
ENDTRNS	
TRNS	INVOICE	02/07/2022	Truck: 154rdtac	Accounts Receivable	154	0	97940	
SPL	INVOICE	02/07/2022	H2	Sales Income	154	0.0	97940	0.06	0.0	
ENDTRNS	
TRNS	INVOICE	02/07/2022	Truck: 154gram	Accounts Receivable	154	0	97941	
SPL	INVOICE	02/07/2022	H2	Sales Income	154	0.0	97941	0.15	0.0	
ENDTRNS	
TRNS	INVOICE	02/07/2022	Truck: 154rd	Accounts Receivable	154	0	97942	
SPL	INVOICE	02/07/2022	H2	Sales Income	154	0.0	97942	0.07	0.0	
ENDTRNS	
TRNS	INVOICE	02/07/2022	Truck: 1921-C	Accounts Receivable	162	0	97943	
SPL	INVOICE	02/07/2022	H-2	Sales Income	162	0.0	97943	3.66	0.0	
ENDTRNS	
TRNS	INVOICE	02/07/2022	Truck: 182gtun	Accounts Receivable	182	39.22	97944	
SPL	INVOICE	02/07/2022	DC	Sales Income	182	-39.22	97944	0.86	45.6	
ENDTRNS	
TRNS	INVOICE	02/01/2022	Truck: 154gram/	Accounts Receivable	154	0	97623	
SPL	INVOICE	02/01/2022	I-2	Sales Income	154	0.0	97623	0.49	0.0	
ENDTRNS	
TRNS	INVOICE	02/01/2022	Truck: 1924	Accounts Receivable	162	0	97624	
SPL	INVOICE	02/01/2022	H-2	Sales Income	162	0.0	97624	7.08	0.0	
ENDTRNS	
TRNS	INVOICE	02/01/2022	Truck: 1923	Accounts Receivable	162	0	97625	
SPL	INVOICE	02/01/2022	H-2	Sales Income	162	0.0	97625	9.22	0.0	
ENDTRNS	
TRNS	INVOICE	02/01/2022	Truck: CoH2	Accounts Receivable	154	0	97626	
SPL	INVOICE	02/01/2022	I-2	Sales Income	154	0.0	97626	0.26	0.0	
ENDTRNS	
TRNS	INVOICE	02/01/2022	Truck: 154bf3350	Accounts Receivable	154	6.84	97627	
SPL	INVOICE	02/01/2022	DC	Sales Income	154	-6.84	97627	0.15	45.6	
ENDTRNS	
TRNS	INVOICE	02/01/2022	Truck: 154gf/tr	Accounts Receivable	154	0	97628	
SPL	INVOICE	02/01/2022	I-2	Sales Income	154	0.0	97628	3.86	0.0	
ENDTRNS	
TRNS	INVOICE	02/01/2022	Truck: 154gccust	Accounts Receivable	154	0	97629	
SPL	INVOICE	02/01/2022	H2	Sales Income	154	0.0	97629	0.23	0.0	
ENDTRNS	
TRNS	INVOICE	02/01/2022	Truck: 154bram	Accounts Receivable	154	0	97630	
SPL	INVOICE	02/01/2022	H2	Sales Income	154	0.0	97630	0.4	0.0	
ENDTRNS	
TRNS	INVOICE	02/01/2022	Truck: 154bcs10	Accounts Receivable	154	0	97631	
SPL	INVOICE	02/01/2022	I-2	Sales Income	154	0.0	97631	0.05	0.0	
ENDTRNS	
TRNS	INVOICE	02/01/2022	Truck: 1905	Accounts Receivable	162	0	97632	
SPL	INVOICE	02/01/2022	H-2	Sales Income	162	0.0	97632	8.15	0.0	
ENDTRNS	
TRNS	INVOICE	02/01/2022	Truck: 154bf150/t	Accounts Receivable	154	59.74	97633	
SPL	INVOICE	02/01/2022	DC	Sales Income	154	-59.74	97633	1.31	45.6	
ENDTRNS	
TRNS	INVOICE	02/01/2022	Truck: 1925	Accounts Receivable	162	0	97634	
SPL	INVOICE	02/01/2022	H-2	Sales Income	162	0.0	97634	2.04	0.0	
ENDTRNS	
TRNS	INVOICE	02/01/2022	Truck: 154bram/t	Accounts Receivable	154	0	97635	
SPL	INVOICE	02/01/2022	I-2	Sales Income	154	0.0	97635	0.29	0.0	
ENDTRNS	
TRNS	INVOICE	02/01/2022	Truck: 154bf150	Accounts Receivable	154	0	97636	
SPL	INVOICE	02/01/2022	H2	Sales Income	154	0.0	97636	0.04	0.0	
ENDTRNS	
TRNS	INVOICE	02/01/2022	Truck: 154wgmc	Accounts Receivable	154	0	97637	
SPL	INVOICE	02/01/2022	H2	Sales Income	154	0.0	97637	0.05	0.0	
ENDTRNS	
TRNS	INVOICE	02/01/2022	Truck: 154rtacom	Accounts Receivable	154	0	97638	
SPL	INVOICE	02/01/2022	I-2	Sales Income	154	0.0	97638	0.08	0.0	
ENDTRNS	
TRNS	INVOICE	02/01/2022	Truck: 154gfran	Accounts Receivable	154	0	97639	
SPL	INVOICE	02/01/2022	H2	Sales Income	154	0.0	97639	0.05	0.0	
ENDTRNS	
TRNS	INVOICE	02/01/2022	Truck: 154tundr	Accounts Receivable	154	0	97640	
SPL	INVOICE	02/01/2022	H2	Sales Income	154	0.0	97640	0.32	0.0	
ENDTRNS	
TRNS	INVOICE	02/03/2022	Truck: 154mf250/t	Accounts Receivable	154	0	97759	
SPL	INVOICE	02/03/2022	H2	Sales Income	154	0.0	97759	0.87	0.0	
ENDTRNS	
TRNS	INVOICE	02/03/2022	Truck: 154wdak	Accounts Receivable	154	0	97760	
SPL	INVOICE	02/03/2022	H2	Sales Income	154	0.0	97760	0.11	0.0	
ENDTRNS	
TRNS	INVOICE	02/03/2022	Truck: 2679	Accounts Receivable	173	0	97761	
SPL	INVOICE	02/03/2022	H-3	Sales Income	173	0.0	97761	27.02	0.0	
ENDTRNS	
TRNS	INVOICE	02/04/2022	Truck: 154gram	Accounts Receivable	154	0	97782	
SPL	INVOICE	02/04/2022	H2	Sales Income	154	0.0	97782	0.05	0.0	
ENDTRNS	
TRNS	INVOICE	02/04/2022	Truck: 154bram	Accounts Receivable	154	0	97783	
SPL	INVOICE	02/04/2022	H2	Sales Income	154	0.0	97783	0.2	0.0	
ENDTRNS	
TRNS	INVOICE	02/04/2022	Truck: 1925	Accounts Receivable	162	0	97784	
SPL	INVOICE	02/04/2022	H-2	Sales Income	162	0.0	97784	8.56	0.0	
ENDTRNS	
TRNS	INVOICE	02/04/2022	Truck: 1923	Accounts Receivable	162	0	97785	
SPL	INVOICE	02/04/2022	H-2	Sales Income	162	0.0	97785	8.9	0.0	
ENDTRNS	
TRNS	INVOICE	02/04/2022	Truck: 1907	Accounts Receivable	162	0	97786	
SPL	INVOICE	02/04/2022	H-2	Sales Income	162	0.0	97786	6.67	0.0	
ENDTRNS	
TRNS	INVOICE	02/04/2022	Truck: 2679	Accounts Receivable	173	0	97787	
SPL	INVOICE	02/04/2022	H-3	Sales Income	173	0.0	97787	25.57	0.0	
ENDTRNS	
TRNS	INVOICE	02/04/2022	Truck: 154rf250	Accounts Receivable	154	0	97788	
SPL	INVOICE	02/04/2022	H2	Sales Income	154	0.0	97788	0.05	0.0	
ENDTRNS	
TRNS	INVOICE	02/04/2022	Truck: 154sf150	Accounts Receivable	154	0	97789	
SPL	INVOICE	02/04/2022	H2	Sales Income	154	0.0	97789	0.15	0.0	
ENDTRNS	
TRNS	INVOICE	02/04/2022	Truck: 154bram	Accounts Receivable	154	0	97790	
SPL	INVOICE	02/04/2022	H2	Sales Income	154	0.0	97790	0.16	0.0	
ENDTRNS	
TRNS	INVOICE	02/04/2022	Truck: 154wfrang	Accounts Receivable	154	0	97791	
SPL	INVOICE	02/04/2022	H2	Sales Income	154	0.0	97791	0.01	0.0	
ENDTRNS	
TRNS	INVOICE	02/04/2022	Truck: CoH2	Accounts Receivable	154	0	97792	
SPL	INVOICE	02/04/2022	I-2	Sales Income	154	0.0	97792	0.23	0.0	
ENDTRNS	
TRNS	INVOICE	02/04/2022	Truck: 1906	Accounts Receivable	162	0	97793	
SPL	INVOICE	02/04/2022	H-2	Sales Income	162	0.0	97793	9.36	0.0	
ENDTRNS	
TRNS	INVOICE	02/04/2022	Truck: 154wf150	Accounts Receivable	154	0	97794	
SPL	INVOICE	02/04/2022	H2	Sales Income	154	0.0	97794	0.73	0.0	
ENDTRNS	
TRNS	INVOICE	02/04/2022	Truck: 154sgmc	Accounts Receivable	154	0	97795	
SPL	INVOICE	02/04/2022	H2	Sales Income	154	0.0	97795	0.09	0.0	
ENDTRNS	
TRNS	INVOICE	02/04/2022	Truck: 2679	Accounts Receivable	173	0	97796	
SPL	INVOICE	02/04/2022	H-3	Sales Income	173	0.0	97796	37.01	0.0	
ENDTRNS	
TRNS	INVOICE	02/05/2022	Truck: 154wtit	Accounts Receivable	154	0	97822	
SPL	INVOICE	02/05/2022	H2	Sales Income	154	0.0	97822	0.23	0.0	
ENDTRNS	
TRNS	INVOICE	02/05/2022	Truck: Car	Accounts Receivable	154	0	97823	
SPL	INVOICE	02/05/2022	H2	Sales Income	154	0.0	97823	0.03	0.0	
ENDTRNS	
TRNS	INVOICE	02/05/2022	Truck: 154btund/t	Accounts Receivable	182	58.37	97824	
SPL	INVOICE	02/05/2022	DC	Sales Income	182	-58.37	97824	1.28	45.6	
ENDTRNS	
TRNS	INVOICE	02/05/2022	Truck: 154rcsilv/	Accounts Receivable	154	0	97825	
SPL	INVOICE	02/05/2022	H2	Sales Income	154	0.0	97825	0.63	0.0	
ENDTRNS	
TRNS	INVOICE	02/05/2022	Truck: 154wgmc/t	Accounts Receivable	154	0	97826	
SPL	INVOICE	02/05/2022	I-2	Sales Income	154	0.0	97826	0.63	0.0	
ENDTRNS	
TRNS	INVOICE	02/05/2022	Truck: 154wgmc	Accounts Receivable	154	0	97827	
SPL	INVOICE	02/05/2022	H2	Sales Income	154	0.0	97827	0.14	0.0	
ENDTRNS	
TRNS	INVOICE	02/05/2022	Truck: 154black	Accounts Receivable	154	0	97828	
SPL	INVOICE	02/05/2022	H2	Sales Income	154	0.0	97828	0.08	0.0	
ENDTRNS	
TRNS	INVOICE	02/05/2022	Truck: 154wf150	Accounts Receivable	154	0	97829	
SPL	INVOICE	02/05/2022	H2	Sales Income	154	0.0	97829	0.11	0.0	
ENDTRNS	
TRNS	INVOICE	02/05/2022	Truck: 154g2500	Accounts Receivable	182	9.58	97830	
SPL	INVOICE	02/05/2022	DC	Sales Income	182	-9.58	97830	0.21	45.62	
ENDTRNS	
TRNS	INVOICE	02/05/2022	Truck: 154bsilv	Accounts Receivable	154	0	97831	
SPL	INVOICE	02/05/2022	H2	Sales Income	154	0.0	97831	0.11	0.0	
ENDTRNS	
TRNS	INVOICE	02/05/2022	Truck: 154black	Accounts Receivable	154	0	97832	
SPL	INVOICE	02/05/2022	H2	Sales Income	154	0.0	97832	0.35	0.0	
ENDTRNS	
TRNS	INVOICE	02/05/2022	Truck: 154wfran/t	Accounts Receivable	154	0	97833	
SPL	INVOICE	02/05/2022	H2	Sales Income	154	0.0	97833	0.1	0.0	
ENDTRNS	
TRNS	INVOICE	02/05/2022	Truck: 154wgmc/t	Accounts Receivable	154	0	97834	
SPL	INVOICE	02/05/2022	H2	Sales Income	154	0.0	97834	0.47	0.0	
ENDTRNS	
TRNS	INVOICE	02/05/2022	Truck: 154bf350	Accounts Receivable	154	0	97835	
SPL	INVOICE	02/05/2022	H2	Sales Income	154	0.0	97835	0.11	0.0	
ENDTRNS	
TRNS	INVOICE	02/05/2022	Truck: 154bram150	Accounts Receivable	154	0	97837	
SPL	INVOICE	02/05/2022	H2	Sales Income	154	0.0	97837	0.03	0.0	
ENDTRNS	
TRNS	INVOICE	02/05/2022	Truck: 154gram	Accounts Receivable	154	0	97838	
SPL	INVOICE	02/05/2022	H2	Sales Income	154	0.0	97838	0.03	0.0	
ENDTRNS	
TRNS	INVOICE	02/05/2022	Truck: 154bram350	Accounts Receivable	182	96.67	97839	
SPL	INVOICE	02/05/2022	DC	Sales Income	182	-96.67	97839	2.12	45.6	
ENDTRNS	
TRNS	INVOICE	02/05/2022	Truck: 154wc1500	Accounts Receivable	154	0	97859	
SPL	INVOICE	02/05/2022	H2	Sales Income	154	0.0	97859	0.15	0.0	
ENDTRNS	
TRNS	INVOICE	02/05/2022	Truck: 154rram/t	Accounts Receivable	154	0	97860	
SPL	INVOICE	02/05/2022	H2	Sales Income	154	0.0	97860	0.08	0.0	
ENDTRNS	
TRNS	INVOICE	02/05/2022	Truck: 154ggmc	Accounts Receivable	154	0	97861	
SPL	INVOICE	02/05/2022	H2	Sales Income	154	0.0	97861	0.16	0.0	
ENDTRNS	
TRNS	INVOICE	02/05/2022	Truck: 154rram150	Accounts Receivable	154	0	97862	
SPL	INVOICE	02/05/2022	H2	Sales Income	154	0.0	97862	0.52	0.0	
ENDTRNS	
TRNS	INVOICE	02/05/2022	Truck: 154wtund	Accounts Receivable	154	0	97863	
SPL	INVOICE	02/05/2022	H2	Sales Income	154	0.0	97863	0.06	0.0	
ENDTRNS	
TRNS	INVOICE	02/05/2022	Truck: 154suv	Accounts Receivable	154	0	97864	
SPL	INVOICE	02/05/2022	H2	Sales Income	154	0.0	97864	0.09	0.0	
ENDTRNS	
TRNS	INVOICE	02/05/2022	Truck: 154bchevy	Accounts Receivable	154	0	97865	
SPL	INVOICE	02/05/2022	H2	Sales Income	154	0.0	97865	0.26	0.0	
ENDTRNS	
TRNS	INVOICE	02/05/2022	Truck: 154bcz71	Accounts Receivable	154	0	97866	
SPL	INVOICE	02/05/2022	H2	Sales Income	154	0.0	97866	0.21	0.0	
ENDTRNS	
TRNS	INVOICE	02/05/2022	Truck: 154wtsuv/t	Accounts Receivable	154	0	97867	
SPL	INVOICE	02/05/2022	H2	Sales Income	154	0.0	97867	0.13	0.0	
ENDTRNS	
TRNS	INVOICE	02/05/2022	Truck: 154tf350	Accounts Receivable	154	0	97868	
SPL	INVOICE	02/05/2022	H2	Sales Income	154	0.0	97868	0.1	0.0	
ENDTRNS	
TRNS	INVOICE	02/05/2022	Truck: 154ssuv/t	Accounts Receivable	154	0	97869	
SPL	INVOICE	02/05/2022	H2	Sales Income	154	0.0	97869	0.06	0.0	
ENDTRNS	
TRNS	INVOICE	02/05/2022	Truck: 154wttac	Accounts Receivable	154	0	97870	
SPL	INVOICE	02/05/2022	I-2	Sales Income	154	0.0	97870	0.09	0.0	
ENDTRNS	
TRNS	INVOICE	02/05/2022	Truck: 154ssuv/	Accounts Receivable	154	0	97871	
SPL	INVOICE	02/05/2022	H2	Sales Income	154	0.0	97871	0.34	0.0	
ENDTRNS	
TRNS	INVOICE	02/05/2022	Truck: 154bf150	Accounts Receivable	154	0	97872	
SPL	INVOICE	02/05/2022	H2	Sales Income	154	0.0	97872	0.09	0.0	
ENDTRNS	
TRNS	INVOICE	02/05/2022	Truck: 154bsuv/	Accounts Receivable	154	0	97873	
SPL	INVOICE	02/05/2022	H2	Sales Income	154	0.0	97873	0.12	0.0	
ENDTRNS	
TRNS	INVOICE	02/05/2022	Truck: 154tf15	Accounts Receivable	154	0	97874	
SPL	INVOICE	02/05/2022	H2	Sales Income	154	0.0	97874	0.05	0.0	
ENDTRNS	
TRNS	INVOICE	02/05/2022	Truck: 154wram/t	Accounts Receivable	182	36.94	97875	
SPL	INVOICE	02/05/2022	DC	Sales Income	182	-36.94	97875	0.81	45.6	
ENDTRNS	
TRNS	INVOICE	02/05/2022	Truck: 154wd/t	Accounts Receivable	154	0	97876	
SPL	INVOICE	02/05/2022	H2	Sales Income	154	0.0	97876	2.34	0.0	
ENDTRNS	
TRNS	INVOICE	02/07/2022	Truck: 154rdram	Accounts Receivable	154	0	97945	
SPL	INVOICE	02/07/2022	H2	Sales Income	154	0.0	97945	0.42	0.0	
ENDTRNS	
TRNS	INVOICE	02/07/2022	Truck: 154gnis	Accounts Receivable	154	0	97946	
SPL	INVOICE	02/07/2022	H2	Sales Income	154	0.0	97946	0.1	0.0	
ENDTRNS	
TRNS	INVOICE	02/07/2022	Truck: CoH2	Accounts Receivable	154	0	97947	
SPL	INVOICE	02/07/2022	I-2	Sales Income	154	0.0	97947	0.46	0.0	
ENDTRNS	
TRNS	INVOICE	02/07/2022	Truck: 154bls10	Accounts Receivable	154	0	97948	
SPL	INVOICE	02/07/2022	I-2	Sales Income	154	0.0	97948	0.08	0.0	
ENDTRNS	
TRNS	INVOICE	02/07/2022	Truck: 154wfd	Accounts Receivable	154	0	97949	
SPL	INVOICE	02/07/2022	H2	Sales Income	154	0.0	97949	0.09	0.0	
ENDTRNS	
TRNS	INVOICE	02/07/2022	Truck: 154gdod	Accounts Receivable	154	0	97950	
SPL	INVOICE	02/07/2022	I-2	Sales Income	154	0.0	97950	0.09	0.0	
ENDTRNS	
TRNS	INVOICE	02/07/2022	Truck: 154gtit	Accounts Receivable	154	0	97951	
SPL	INVOICE	02/07/2022	H2	Sales Income	154	0.0	97951	0.19	0.0	
ENDTRNS	
TRNS	INVOICE	02/07/2022	Truck: 154w2500	Accounts Receivable	154	0	97952	
SPL	INVOICE	02/07/2022	H2	Sales Income	154	0.0	97952	0.36	0.0	
ENDTRNS	
TRNS	INVOICE	02/07/2022	Truck: 154silchev	Accounts Receivable	154	0	97953	
SPL	INVOICE	02/07/2022	H2	Sales Income	154	0.0	97953	0.29	0.0	
ENDTRNS	
TRNS	INVOICE	02/07/2022	Truck: CoH2	Accounts Receivable	154	0	97954	
SPL	INVOICE	02/07/2022	I-2	Sales Income	154	0.0	97954	0.29	0.0	
ENDTRNS	
TRNS	INVOICE	02/07/2022	Truck: 153b150	Accounts Receivable	154	0	97955	
SPL	INVOICE	02/07/2022	H2	Sales Income	154	0.0	97955	0.06	0.0	
ENDTRNS	
TRNS	INVOICE	02/07/2022	Truck: 154bchev	Accounts Receivable	154	0	97956	
SPL	INVOICE	02/07/2022	I-2	Sales Income	154	0.0	97956	0.82	0.0	
ENDTRNS	
TRNS	INVOICE	02/08/2022	Truck: 1001JCGCOM	Accounts Receivable	240	114.91	97957	
SPL	INVOICE	02/08/2022	H1	Sales Income	240	-114.91	97957	2.52	45.6	
ENDTRNS	
TRNS	INVOICE	02/08/2022	Truck: 154sz71	Accounts Receivable	154	0	97958	
SPL	INVOICE	02/08/2022	H2	Sales Income	154	0.0	97958	0	0.0	
ENDTRNS	
TRNS	INVOICE	02/08/2022	Truck: 154wran	Accounts Receivable	154	0	97959	
SPL	INVOICE	02/08/2022	I-2	Sales Income	154	0.0	97959	0.32	0.0	
ENDTRNS	
TRNS	INVOICE	02/08/2022	Truck: 154wtund	Accounts Receivable	154	0	97960	
SPL	INVOICE	02/08/2022	H2	Sales Income	154	0.0	97960	0.02	0.0	
ENDTRNS	
TRNS	INVOICE	02/08/2022	Truck: 2679	Accounts Receivable	173	0	97961	
SPL	INVOICE	02/08/2022	H-3	Sales Income	173	0.0	97961	21.13	0.0	
ENDTRNS	
TRNS	INVOICE	02/08/2022	Truck: 405-1489	Accounts Receivable	150	0	97962	
SPL	INVOICE	02/08/2022	I-2	Sales Income	150	0.0	97962	1.03	0.0	
ENDTRNS	
TRNS	INVOICE	02/09/2022	Truck: 154sc1500	Accounts Receivable	154	0	98023	
SPL	INVOICE	02/09/2022	I-2	Sales Income	154	0.0	98023	0.11	0.0	
ENDTRNS	
TRNS	INVOICE	02/09/2022	Truck: 154bf150/t	Accounts Receivable	154	0	98024	
SPL	INVOICE	02/09/2022	I-2	Sales Income	154	0.0	98024	0.22	0.0	
ENDTRNS	
TRNS	INVOICE	02/09/2022	Truck: 154wsuv	Accounts Receivable	154	0	98025	
SPL	INVOICE	02/09/2022	H2	Sales Income	154	0.0	98025	0.01	0.0	
ENDTRNS	
TRNS	INVOICE	02/09/2022	Truck: 154wutil/t	Accounts Receivable	182	42.86	98026	
SPL	INVOICE	02/09/2022	DC	Sales Income	182	-42.86	98026	0.94	45.6	
ENDTRNS	
TRNS	INVOICE	02/09/2022	Truck: 154stund	Accounts Receivable	154	0	98027	
SPL	INVOICE	02/09/2022	I-2	Sales Income	154	0.0	98027	0.22	0.0	
ENDTRNS	
TRNS	INVOICE	02/09/2022	Truck: 154rf150	Accounts Receivable	154	0	98041	
SPL	INVOICE	02/09/2022	I-2	Sales Income	154	0.0	98041	0.16	0.0	
ENDTRNS	
TRNS	INVOICE	02/09/2022	Truck: 154mtund	Accounts Receivable	154	0	98042	
SPL	INVOICE	02/09/2022	H2	Sales Income	154	0.0	98042	0.26	0.0	
ENDTRNS	
TRNS	INVOICE	02/09/2022	Truck: 1923	Accounts Receivable	162	0	98043	
SPL	INVOICE	02/09/2022	H-2	Sales Income	162	0.0	98043	8.65	0.0	
ENDTRNS	
TRNS	INVOICE	02/09/2022	Truck: 154sf150	Accounts Receivable	154	0	98059	
SPL	INVOICE	02/09/2022	H2	Sales Income	154	0.0	98059	0.16	0.0	
ENDTRNS	
TRNS	INVOICE	02/09/2022	Truck: 154mtundr	Accounts Receivable	154	0	98060	
SPL	INVOICE	02/09/2022	H2	Sales Income	154	0.0	98060	0.2	0.0	
ENDTRNS	
TRNS	INVOICE	02/10/2022	Truck: 154bram	Accounts Receivable	154	0	98076	
SPL	INVOICE	02/10/2022	H2	Sales Income	154	0.0	98076	0.05	0.0	
ENDTRNS	
TRNS	INVOICE	02/10/2022	Truck: Renne's 94	Accounts Receivable	194	35.57	98077	
SPL	INVOICE	02/10/2022	H1	Sales Income	194	-35.57	98077	0.78	45.6	
ENDTRNS	
TRNS	INVOICE	02/10/2022	Truck: 154bc1500	Accounts Receivable	154	0	98079	
SPL	INVOICE	02/10/2022	H2	Sales Income	154	0.0	98079	0.11	0.0	
ENDTRNS	
TRNS	INVOICE	02/10/2022	Truck: 154bava	Accounts Receivable	154	0	98080	
SPL	INVOICE	02/10/2022	I-2	Sales Income	154	0.0	98080	0.07	0.0	
ENDTRNS	
TRNS	INVOICE	02/10/2022	Truck: 1921-C	Accounts Receivable	162	0	98082	
SPL	INVOICE	02/10/2022	H-2	Sales Income	162	0.0	98082	7.71	0.0	
ENDTRNS	
TRNS	INVOICE	02/10/2022	Truck: 154bc1500	Accounts Receivable	154	0	98083	
SPL	INVOICE	02/10/2022	H2	Sales Income	154	0.0	98083	0.23	0.0	
ENDTRNS	
TRNS	INVOICE	02/10/2022	Truck: 182dumpit	Accounts Receivable	182	45.14	98102	
SPL	INVOICE	02/10/2022	H1	Sales Income	182	-45.14	98102	0.99	45.6	
ENDTRNS	
TRNS	INVOICE	02/10/2022	Truck: 1926 O	Accounts Receivable	162	0	98103	
SPL	INVOICE	02/10/2022	H-2	Sales Income	162	0.0	98103	2.31	0.0	
ENDTRNS	
TRNS	INVOICE	02/10/2022	Truck: 1925	Accounts Receivable	162	0	98104	
SPL	INVOICE	02/10/2022	H-2	Sales Income	162	0.0	98104	6.22	0.0	
ENDTRNS	
TRNS	INVOICE	02/10/2022	Truck: 154sf	Accounts Receivable	154	0	98105	
SPL	INVOICE	02/10/2022	H2	Sales Income	154	0.0	98105	0.03	0.0	
ENDTRNS	
TRNS	INVOICE	02/10/2022	Truck: 182davis	Accounts Receivable	182	17.78	98106	
SPL	INVOICE	02/10/2022	H1	Sales Income	182	-17.78	98106	0.39	45.59	
ENDTRNS	
TRNS	INVOICE	02/10/2022	Truck: 154ssuv	Accounts Receivable	154	0	98107	
SPL	INVOICE	02/10/2022	H2	Sales Income	154	0.0	98107	0.05	0.0	
ENDTRNS	
TRNS	INVOICE	02/10/2022	Truck: 154ssuv/t	Accounts Receivable	154	0	98108	
SPL	INVOICE	02/10/2022	H2	Sales Income	154	0.0	98108	0.27	0.0	
ENDTRNS	
TRNS	INVOICE	02/10/2022	Truck: 154gf1250	Accounts Receivable	154	0	98109	
SPL	INVOICE	02/10/2022	H2	Sales Income	154	0.0	98109	0.22	0.0	
ENDTRNS	
TRNS	INVOICE	02/10/2022	Truck: 1907	Accounts Receivable	162	0	98110	
SPL	INVOICE	02/10/2022	H-2	Sales Income	162	0.0	98110	6.43	0.0	
ENDTRNS	
TRNS	INVOICE	02/10/2022	Truck: 154mcar	Accounts Receivable	154	0	98111	
SPL	INVOICE	02/10/2022	H2	Sales Income	154	0.0	98111	0.02	0.0	
ENDTRNS	
TRNS	INVOICE	02/10/2022	Truck: 154bc1500	Accounts Receivable	154	0	98112	
SPL	INVOICE	02/10/2022	H2	Sales Income	154	0.0	98112	0.24	0.0	
ENDTRNS	
TRNS	INVOICE	02/11/2022	Truck: 154car	Accounts Receivable	154	0	98139	
SPL	INVOICE	02/11/2022	H2	Sales Income	154	0.0	98139	0.03	0.0	
ENDTRNS	
TRNS	INVOICE	02/11/2022	Truck: 154rram/t	Accounts Receivable	154	0	98140	
SPL	INVOICE	02/11/2022	H2	Sales Income	154	0.0	98140	0.41	0.0	
ENDTRNS	
TRNS	INVOICE	02/11/2022	Truck: 154stac	Accounts Receivable	154	0	98141	
SPL	INVOICE	02/11/2022	H2	Sales Income	154	0.0	98141	0.1	0.0	
ENDTRNS	
TRNS	INVOICE	02/11/2022	Truck: 154wccolo	Accounts Receivable	154	0	98142	
SPL	INVOICE	02/11/2022	H2	Sales Income	154	0.0	98142	0.05	0.0	
ENDTRNS	
TRNS	INVOICE	02/11/2022	Truck: 182sc2500	Accounts Receivable	182	39.67	98143	
SPL	INVOICE	02/11/2022	H1	Sales Income	182	-39.67	98143	0.87	45.6	
ENDTRNS	
TRNS	INVOICE	02/11/2022	Truck: Woodbury	Accounts Receivable	182	204.29	98144	
SPL	INVOICE	02/11/2022	DC	Sales Income	182	-204.29	98144	4.48	45.6	
ENDTRNS	
TRNS	INVOICE	02/11/2022	Truck: 1921-O	Accounts Receivable	162	0	98145	
SPL	INVOICE	02/11/2022	I-2	Sales Income	162	0.0	98145	1.77	0.0	
ENDTRNS	
TRNS	INVOICE	02/12/2022	Truck: 154bcs10	Accounts Receivable	154	0	98224	
SPL	INVOICE	02/12/2022	I-2	Sales Income	154	0.0	98224	0.09	0.0	
ENDTRNS	
TRNS	INVOICE	02/12/2022	Truck: 154bram/t	Accounts Receivable	182	3.65	98225	
SPL	INVOICE	02/12/2022	DC	Sales Income	182	-3.65	98225	0.08	45.62	
ENDTRNS	
TRNS	INVOICE	02/12/2022	Truck: 154bram/tr	Accounts Receivable	154	0	98226	
SPL	INVOICE	02/12/2022	H2	Sales Income	154	0.0	98226	0.39	0.0	
ENDTRNS	
TRNS	INVOICE	02/12/2022	Truck: 154mram/t	Accounts Receivable	154	0	98227	
SPL	INVOICE	02/12/2022	H2	Sales Income	154	0.0	98227	0.78	0.0	
ENDTRNS	
TRNS	INVOICE	02/12/2022	Truck: 154wf150/t	Accounts Receivable	154	0	98228	
SPL	INVOICE	02/12/2022	I-2	Sales Income	154	0.0	98228	0.21	0.0	
ENDTRNS	
TRNS	INVOICE	02/12/2022	Truck: 154bram	Accounts Receivable	154	0	98229	
SPL	INVOICE	02/12/2022	H2	Sales Income	154	0.0	98229	0.24	0.0	
ENDTRNS	
TRNS	INVOICE	02/12/2022	Truck: 154car	Accounts Receivable	154	0	98230	
SPL	INVOICE	02/12/2022	H2	Sales Income	154	0.0	98230	0.01	0.0	
ENDTRNS	
TRNS	INVOICE	02/12/2022	Truck: 154wc1500	Accounts Receivable	154	0	98231	
SPL	INVOICE	02/12/2022	H2	Sales Income	154	0.0	98231	0.07	0.0	
ENDTRNS	
TRNS	INVOICE	02/12/2022	Truck: 154wf150	Accounts Receivable	182	13.22	98232	
SPL	INVOICE	02/12/2022	DC	Sales Income	182	-13.22	98232	0.29	45.59	
ENDTRNS	
TRNS	INVOICE	02/12/2022	Truck: 154tc1500	Accounts Receivable	154	0	98233	
SPL	INVOICE	02/12/2022	H2	Sales Income	154	0.0	98233	0.16	0.0	
ENDTRNS	
TRNS	INVOICE	02/12/2022	Truck: 154wgmc/t	Accounts Receivable	154	72.96	98234	
SPL	INVOICE	02/12/2022	DC	Sales Income	154	-72.96	98234	1.6	45.6	
ENDTRNS	
TRNS	INVOICE	02/12/2022	Truck: 154wsuv/t	Accounts Receivable	154	0	98235	
SPL	INVOICE	02/12/2022	H2	Sales Income	154	0.0	98235	0.29	0.0	
ENDTRNS	
TRNS	INVOICE	02/12/2022	Truck: 154bc2500	Accounts Receivable	154	0	98236	
SPL	INVOICE	02/12/2022	H2	Sales Income	154	0.0	98236	0.19	0.0	
ENDTRNS	
TRNS	INVOICE	02/12/2022	Truck: 154rf150	Accounts Receivable	154	0	98237	
SPL	INVOICE	02/12/2022	H2	Sales Income	154	0.0	98237	0.06	0.0	
ENDTRNS	
TRNS	INVOICE	02/12/2022	Truck: 154bram	Accounts Receivable	154	0	98238	
SPL	INVOICE	02/12/2022	H2	Sales Income	154	0.0	98238	0.12	0.0	
ENDTRNS	
TRNS	INVOICE	02/12/2022	Truck: 154tgmc	Accounts Receivable	154	0	98239	
SPL	INVOICE	02/12/2022	H2	Sales Income	154	0.0	98239	0.04	0.0	
ENDTRNS	
TRNS	INVOICE	02/12/2022	Truck: 154wc2500/	Accounts Receivable	154	0	98240	
SPL	INVOICE	02/12/2022	H2	Sales Income	154	0.0	98240	0.04	0.0	
ENDTRNS	
TRNS	INVOICE	02/12/2022	Truck: 154stac/t	Accounts Receivable	154	0	98241	
SPL	INVOICE	02/12/2022	H2	Sales Income	154	0.0	98241	0.4	0.0	
ENDTRNS	
TRNS	INVOICE	02/12/2022	Truck: 154bf150	Accounts Receivable	154	0	98242	
SPL	INVOICE	02/12/2022	H2	Sales Income	154	0.0	98242	0.03	0.0	
ENDTRNS	
TRNS	INVOICE	02/12/2022	Truck: Cutabove	Accounts Receivable	154	0	98243	
SPL	INVOICE	02/12/2022	H2	Sales Income	154	0.0	98243	0.43	0.0	
ENDTRNS	
TRNS	INVOICE	02/12/2022	Truck: 154wtac	Accounts Receivable	154	0	98244	
SPL	INVOICE	02/12/2022	H2	Sales Income	154	0.0	98244	0.17	0.0	
ENDTRNS	
TRNS	INVOICE	02/12/2022	Truck: 154wf150/t	Accounts Receivable	154	0	98245	
SPL	INVOICE	02/12/2022	I-2	Sales Income	154	0.0	98245	0.54	0.0	
ENDTRNS	
TRNS	INVOICE	02/12/2022	Truck: 154tf350	Accounts Receivable	154	0	98246	
SPL	INVOICE	02/12/2022	H2	Sales Income	154	0.0	98246	0.04	0.0	
ENDTRNS	
TRNS	INVOICE	02/12/2022	Truck: 154btund	Accounts Receivable	154	0	98247	
SPL	INVOICE	02/12/2022	H2	Sales Income	154	0.0	98247	0.06	0.0	
ENDTRNS	
TRNS	INVOICE	02/12/2022	Truck: 154mf150	Accounts Receivable	154	0	98248	
SPL	INVOICE	02/12/2022	H2	Sales Income	154	0.0	98248	0.13	0.0	
ENDTRNS	
TRNS	INVOICE	02/12/2022	Truck: 154nisvan	Accounts Receivable	154	0	98249	
SPL	INVOICE	02/12/2022	H2	Sales Income	154	0.0	98249	0.03	0.0	
ENDTRNS	
TRNS	INVOICE	02/12/2022	Truck: 154gc1500	Accounts Receivable	154	0	98251	
SPL	INVOICE	02/12/2022	H2	Sales Income	154	0.0	98251	0.28	0.0	
ENDTRNS	
TRNS	INVOICE	02/12/2022	Truck: 182sc3500/	Accounts Receivable	182	31.46	98252	
SPL	INVOICE	02/12/2022	H1	Sales Income	182	-31.46	98252	0.69	45.59	
ENDTRNS	
TRNS	INVOICE	02/12/2022	Truck: 154stac	Accounts Receivable	154	0	98253	
SPL	INVOICE	02/12/2022	H2	Sales Income	154	0.0	98253	0.06	0.0	
ENDTRNS	
TRNS	INVOICE	02/12/2022	Truck: 154rtoy	Accounts Receivable	154	0	98254	
SPL	INVOICE	02/12/2022	H2	Sales Income	154	0.0	98254	0.02	0.0	
ENDTRNS	
TRNS	INVOICE	02/12/2022	Truck: 154wd/t	Accounts Receivable	154	0	98255	
SPL	INVOICE	02/12/2022	H2	Sales Income	154	0.0	98255	0.31	0.0	
ENDTRNS	
TRNS	INVOICE	02/12/2022	Truck: 154stoyo	Accounts Receivable	182	11.4	98256	
SPL	INVOICE	02/12/2022	DC	Sales Income	182	-11.4	98256	0.25	45.6	
ENDTRNS	
TRNS	INVOICE	02/12/2022	Truck: 154wfrang	Accounts Receivable	154	0	98257	
SPL	INVOICE	02/12/2022	H2	Sales Income	154	0.0	98257	0.11	0.0	
ENDTRNS	
TRNS	INVOICE	02/12/2022	Truck: 154van	Accounts Receivable	154	0	98258	
SPL	INVOICE	02/12/2022	H2	Sales Income	154	0.0	98258	0.1	0.0	
ENDTRNS	
TRNS	INVOICE	02/12/2022	Truck: 154ssilv	Accounts Receivable	154	0	98259	
SPL	INVOICE	02/12/2022	H2	Sales Income	154	0.0	98259	0.05	0.0	
ENDTRNS	
TRNS	INVOICE	02/12/2022	Truck: 154wccust	Accounts Receivable	154	0	98278	
SPL	INVOICE	02/12/2022	H2	Sales Income	154	0.0	98278	0.1	0.0	
ENDTRNS	
TRNS	INVOICE	02/12/2022	Truck: 154rsilv	Accounts Receivable	154	0	98279	
SPL	INVOICE	02/12/2022	H2	Sales Income	154	0.0	98279	0.07	0.0	
ENDTRNS	
TRNS	INVOICE	02/12/2022	Truck: 154wf150	Accounts Receivable	154	0	98280	
SPL	INVOICE	02/12/2022	H2	Sales Income	154	0.0	98280	0.15	0.0	
ENDTRNS	
TRNS	INVOICE	02/12/2022	Truck: 154bf150	Accounts Receivable	154	0	98281	
SPL	INVOICE	02/12/2022	H2	Sales Income	154	0.0	98281	0.09	0.0	
ENDTRNS	
TRNS	INVOICE	02/12/2022	Truck: 154bc/tr	Accounts Receivable	154	0	98282	
SPL	INVOICE	02/12/2022	H2	Sales Income	154	0.0	98282	0.25	0.0	
ENDTRNS	
TRNS	INVOICE	02/12/2022	Truck: 154wf150/t	Accounts Receivable	154	76.61	98283	
SPL	INVOICE	02/12/2022	H1	Sales Income	154	-76.61	98283	1.68	45.6	
ENDTRNS	
TRNS	INVOICE	02/12/2022	Truck: 154ssuv/t	Accounts Receivable	154	0	98284	
SPL	INVOICE	02/12/2022	H2	Sales Income	154	0.0	98284	0.23	0.0	
ENDTRNS	
TRNS	INVOICE	02/12/2022	Truck: 154bfran/	Accounts Receivable	154	0	98285	
SPL	INVOICE	02/12/2022	H2	Sales Income	154	0.0	98285	0.21	0.0	
ENDTRNS	
TRNS	INVOICE	02/12/2022	Truck: 1554bf350	Accounts Receivable	154	0	98287	
SPL	INVOICE	02/12/2022	H2	Sales Income	154	0.0	98287	0.12	0.0	
ENDTRNS	
TRNS	INVOICE	02/12/2022	Truck: 154van	Accounts Receivable	154	0	98288	
SPL	INVOICE	02/12/2022	H2	Sales Income	154	0.0	98288	0.07	0.0	
ENDTRNS	
TRNS	INVOICE	02/12/2022	Truck: 154tgmc	Accounts Receivable	154	0	98289	
SPL	INVOICE	02/12/2022	H2	Sales Income	154	0.0	98289	0.17	0.0	
ENDTRNS	
TRNS	INVOICE	02/12/2022	Truck: 154bs10	Accounts Receivable	154	0	98290	
SPL	INVOICE	02/12/2022	I-2	Sales Income	154	0.0	98290	0.05	0.0	
ENDTRNS	
TRNS	INVOICE	02/12/2022	Truck: 154wsuv/t	Accounts Receivable	154	0	98291	
SPL	INVOICE	02/12/2022	H2	Sales Income	154	0.0	98291	0.07	0.0	
ENDTRNS	
TRNS	INVOICE	02/12/2022	Truck: 154suv	Accounts Receivable	154	0	98292	
SPL	INVOICE	02/12/2022	H2	Sales Income	154	0.0	98292	0.06	0.0	
ENDTRNS	
TRNS	INVOICE	02/12/2022	Truck: 154tvan	Accounts Receivable	154	0	98294	
SPL	INVOICE	02/12/2022	H2	Sales Income	154	0.0	98294	0.11	0.0	
ENDTRNS	
TRNS	INVOICE	02/12/2022	Truck: 154wtac	Accounts Receivable	154	0	98295	
SPL	INVOICE	02/12/2022	H2	Sales Income	154	0.0	98295	0.06	0.0	
ENDTRNS	
TRNS	INVOICE	02/14/2022	Truck: 154blk	Accounts Receivable	154	0	98327	
SPL	INVOICE	02/14/2022	H2	Sales Income	154	0.0	98327	0.16	0.0	
ENDTRNS	
TRNS	INVOICE	02/14/2022	Truck: 154john	Accounts Receivable	154	0	98328	
SPL	INVOICE	02/14/2022	I-2	Sales Income	154	0.0	98328	0.08	0.0	
ENDTRNS	
TRNS	INVOICE	02/14/2022	Truck: 154gry	Accounts Receivable	154	0	98329	
SPL	INVOICE	02/14/2022	H2	Sales Income	154	0.0	98329	0.03	0.0	
ENDTRNS	
TRNS	INVOICE	02/14/2022	Truck: 1926 20 yd	Accounts Receivable	162	0	98330	
SPL	INVOICE	02/14/2022	H-2	Sales Income	162	0.0	98330	0.65	0.0	
ENDTRNS	
TRNS	INVOICE	02/14/2022	Truck: 182grew	Accounts Receivable	182	17.33	98331	
SPL	INVOICE	02/14/2022	H1	Sales Income	182	-17.33	98331	0.38	45.61	
ENDTRNS	
TRNS	INVOICE	02/14/2022	Truck: 154red	Accounts Receivable	154	0	98332	
SPL	INVOICE	02/14/2022	H2	Sales Income	154	0.0	98332	0.18	0.0	
ENDTRNS	
TRNS	INVOICE	02/14/2022	Truck: 182altman	Accounts Receivable	182	56.54	98333	
SPL	INVOICE	02/14/2022	DC	Sales Income	182	-56.54	98333	1.24	45.6	
ENDTRNS	
TRNS	INVOICE	02/14/2022	Truck: 154gold	Accounts Receivable	154	0	98334	
SPL	INVOICE	02/14/2022	H2	Sales Income	154	0.0	98334	0.18	0.0	
ENDTRNS	
TRNS	INVOICE	02/14/2022	Truck: 154tun	Accounts Receivable	154	0	98335	
SPL	INVOICE	02/14/2022	H2	Sales Income	154	0.0	98335	0.11	0.0	
ENDTRNS	
TRNS	INVOICE	02/14/2022	Truck: 1 2 3	Accounts Receivable	154	0	98336	
SPL	INVOICE	02/14/2022	H-2	Sales Income	154	0.0	98336	1.92	0.0	
ENDTRNS	
TRNS	INVOICE	02/14/2022	Truck: 154sram	Accounts Receivable	154	0	98337	
SPL	INVOICE	02/14/2022	I-2	Sales Income	154	0.0	98337	0.35	0.0	
ENDTRNS	
TRNS	INVOICE	02/14/2022	Truck: 154bram	Accounts Receivable	154	0	98338	
SPL	INVOICE	02/14/2022	I-2	Sales Income	154	0.0	98338	0.3	0.0	
ENDTRNS	
TRNS	INVOICE	02/14/2022	Truck: 154bnis	Accounts Receivable	154	0	98339	
SPL	INVOICE	02/14/2022	H2	Sales Income	154	0.0	98339	0.2	0.0	
ENDTRNS	
TRNS	INVOICE	02/14/2022	Truck: 1925	Accounts Receivable	162	0	98340	
SPL	INVOICE	02/14/2022	H-2	Sales Income	162	0.0	98340	4.76	0.0	
ENDTRNS	
TRNS	INVOICE	02/14/2022	Truck: CoH2	Accounts Receivable	154	0	98341	
SPL	INVOICE	02/14/2022	I-2	Sales Income	154	0.0	98341	0.29	0.0	
ENDTRNS	
TRNS	INVOICE	02/14/2022	Truck: 182dumpit	Accounts Receivable	182	57	98342	
SPL	INVOICE	02/14/2022	H1	Sales Income	182	-57.0	98342	1.25	45.6	
ENDTRNS	
TRNS	INVOICE	02/14/2022	Truck: 154tac	Accounts Receivable	154	0	98343	
SPL	INVOICE	02/14/2022	H2	Sales Income	154	0.0	98343	0.02	0.0	
ENDTRNS	
TRNS	INVOICE	02/14/2022	Truck: 182	Accounts Receivable	182	9.58	98344	
SPL	INVOICE	02/14/2022	DC	Sales Income	182	-9.58	98344	0.21	45.62	
ENDTRNS	
TRNS	INVOICE	02/15/2022	Truck: 154sf250	Accounts Receivable	154	0	98412	
SPL	INVOICE	02/15/2022	H2	Sales Income	154	0.0	98412	0.2	0.0	
ENDTRNS	
TRNS	INVOICE	02/15/2022	Truck: 2679	Accounts Receivable	173	0	98413	
SPL	INVOICE	02/15/2022	H-3	Sales Income	173	0.0	98413	27.48	0.0	
ENDTRNS	
TRNS	INVOICE	02/15/2022	Truck: 154stacom	Accounts Receivable	154	0	98414	
SPL	INVOICE	02/15/2022	H2	Sales Income	154	0.0	98414	0.03	0.0	
ENDTRNS	
TRNS	INVOICE	02/15/2022	Truck: 154wvan/t	Accounts Receivable	182	32.83	98415	
SPL	INVOICE	02/15/2022	H1	Sales Income	182	-32.83	98415	0.72	45.6	
ENDTRNS	
TRNS	INVOICE	02/16/2022	Truck: bram2500	Accounts Receivable	154	0	98423	
SPL	INVOICE	02/16/2022	H2	Sales Income	154	0.0	98423	0.02	0.0	
ENDTRNS	
TRNS	INVOICE	02/16/2022	Truck: Red	Accounts Receivable	154	0	98424	
SPL	INVOICE	02/16/2022	I-2	Sales Income	154	0.0	98424	0.43	0.0	
ENDTRNS	
TRNS	INVOICE	02/16/2022	Truck: 154rram250	Accounts Receivable	154	0	98425	
SPL	INVOICE	02/16/2022	H2	Sales Income	154	0.0	98425	0.01	0.0	
ENDTRNS	
TRNS	INVOICE	02/16/2022	Truck: 154silv	Accounts Receivable	154	0	98426	
SPL	INVOICE	02/16/2022	H2	Sales Income	154	0.0	98426	0.11	0.0	
ENDTRNS	
TRNS	INVOICE	02/16/2022	Truck: 154wf250/t	Accounts Receivable	182	62.93	98427	
SPL	INVOICE	02/16/2022	DC	Sales Income	182	-62.93	98427	1.38	45.6	
ENDTRNS	
TRNS	INVOICE	02/16/2022	Truck: 154bram/t	Accounts Receivable	182	37.62	98428	
SPL	INVOICE	02/16/2022	I-1	Sales Income	182	-37.62	98428	2.09	18.0	
ENDTRNS	
TRNS	INVOICE	02/16/2022	Truck: 154sram	Accounts Receivable	154	0	98429	
SPL	INVOICE	02/16/2022	H2	Sales Income	154	0.0	98429	0.19	0.0	
ENDTRNS	
TRNS	INVOICE	02/16/2022	Truck: 154wd/t	Accounts Receivable	182	179.66	98430	
SPL	INVOICE	02/16/2022	DC	Sales Income	182	-179.66	98430	3.94	45.6	
ENDTRNS	
TRNS	INVOICE	02/16/2022	Truck: 154wgmc/t	Accounts Receivable	154	0	98431	
SPL	INVOICE	02/16/2022	I-2	Sales Income	154	0.0	98431	0.13	0.0	
ENDTRNS	
TRNS	INVOICE	02/16/2022	Truck: 154jeep/	Accounts Receivable	154	0	98432	
SPL	INVOICE	02/16/2022	H2	Sales Income	154	0.0	98432	0.32	0.0	
ENDTRNS	
TRNS	INVOICE	02/16/2022	Truck: 1925	Accounts Receivable	162	0	98433	
SPL	INVOICE	02/16/2022	H-2	Sales Income	162	0.0	98433	7.79	0.0	
ENDTRNS	
TRNS	INVOICE	02/16/2022	Truck: 154btundr/	Accounts Receivable	154	0	98434	
SPL	INVOICE	02/16/2022	H2	Sales Income	154	0.0	98434	0.67	0.0	
ENDTRNS	
TRNS	INVOICE	02/16/2022	Truck: 154rc1500	Accounts Receivable	154	0	98435	
SPL	INVOICE	02/16/2022	I-2	Sales Income	154	0.0	98435	0.06	0.0	
ENDTRNS	
TRNS	INVOICE	02/16/2022	Truck: 154branger	Accounts Receivable	154	0	98436	
SPL	INVOICE	02/16/2022	I-2	Sales Income	154	0.0	98436	0.09	0.0	
ENDTRNS	
TRNS	INVOICE	02/16/2022	Truck: 154bsierr/	Accounts Receivable	154	0	98455	
SPL	INVOICE	02/16/2022	H2	Sales Income	154	0.0	98455	0.35	0.0	
ENDTRNS	
TRNS	INVOICE	02/16/2022	Truck: 154ssilver	Accounts Receivable	154	0	98456	
SPL	INVOICE	02/16/2022	I-2	Sales Income	154	0.0	98456	0.04	0.0	
ENDTRNS	
TRNS	INVOICE	02/16/2022	Truck: 1925	Accounts Receivable	162	0	98457	
SPL	INVOICE	02/16/2022	H-2	Sales Income	162	0.0	98457	2.22	0.0	
ENDTRNS	
TRNS	INVOICE	02/16/2022	Truck: 154wutil	Accounts Receivable	154	0	98458	
SPL	INVOICE	02/16/2022	H2	Sales Income	154	0.0	98458	0.1	0.0	
ENDTRNS	
TRNS	INVOICE	02/16/2022	Truck: 154sf150	Accounts Receivable	154	0	98459	
SPL	INVOICE	02/16/2022	H2	Sales Income	154	0.0	98459	0.31	0.0	
ENDTRNS	
TRNS	INVOICE	02/16/2022	Truck: CoH2	Accounts Receivable	154	0	98460	
SPL	INVOICE	02/16/2022	I-2	Sales Income	154	0.0	98460	1.74	0.0	
ENDTRNS	
TRNS	INVOICE	02/16/2022	Truck: 154stund	Accounts Receivable	154	0	98461	
SPL	INVOICE	02/16/2022	H2	Sales Income	154	0.0	98461	0.07	0.0	
ENDTRNS	
TRNS	INVOICE	02/16/2022	Truck: 154van	Accounts Receivable	154	0	98462	
SPL	INVOICE	02/16/2022	H2	Sales Income	154	0.0	98462	0.03	0.0	
ENDTRNS	
TRNS	INVOICE	02/16/2022	Truck: 154yrange	Accounts Receivable	154	0	98463	
SPL	INVOICE	02/16/2022	H2	Sales Income	154	0.0	98463	0.03	0.0	
ENDTRNS	
TRNS	INVOICE	02/16/2022	Truck: 154wgmc/t	Accounts Receivable	154	0	98465	
SPL	INVOICE	02/16/2022	H2	Sales Income	154	0.0	98465	0.29	0.0	
ENDTRNS	
TRNS	INVOICE	02/16/2022	Truck: 1907	Accounts Receivable	162	0	98466	
SPL	INVOICE	02/16/2022	H-2	Sales Income	162	0.0	98466	7.88	0.0	
ENDTRNS	
TRNS	INVOICE	02/16/2022	Truck: 154gram'	Accounts Receivable	154	0	98467	
SPL	INVOICE	02/16/2022	H2	Sales Income	154	0.0	98467	0.12	0.0	
ENDTRNS	
TRNS	INVOICE	02/16/2022	Truck: 154s1500	Accounts Receivable	154	0	98468	
SPL	INVOICE	02/16/2022	H2	Sales Income	154	0.0	98468	0.34	0.0	
ENDTRNS	
TRNS	INVOICE	02/16/2022	Truck: 154gc1500/	Accounts Receivable	154	0	98469	
SPL	INVOICE	02/16/2022	H2	Sales Income	154	0.0	98469	0.26	0.0	
ENDTRNS	
TRNS	INVOICE	02/16/2022	Truck: 1906	Accounts Receivable	162	0	98470	
SPL	INVOICE	02/16/2022	H-2	Sales Income	162	0.0	98470	9.57	0.0	
ENDTRNS	
TRNS	INVOICE	02/16/2022	Truck: 154rram	Accounts Receivable	154	0	98471	
SPL	INVOICE	02/16/2022	I-2	Sales Income	154	0.0	98471	0.12	0.0	
ENDTRNS	
TRNS	INVOICE	02/16/2022	Truck: 154bram	Accounts Receivable	154	0	98472	
SPL	INVOICE	02/16/2022	H2	Sales Income	154	0.0	98472	0.11	0.0	
ENDTRNS	
TRNS	INVOICE	02/17/2022	Truck: 154rram	Accounts Receivable	154	0	98534	
SPL	INVOICE	02/17/2022	H2	Sales Income	154	0.0	98534	0.28	0.0	
ENDTRNS	
TRNS	INVOICE	02/17/2022	Truck: 1925	Accounts Receivable	162	0	98535	
SPL	INVOICE	02/17/2022	H-2	Sales Income	162	0.0	98535	5.48	0.0	
ENDTRNS	
TRNS	INVOICE	02/17/2022	Truck: 1923	Accounts Receivable	162	0	98536	
SPL	INVOICE	02/17/2022	H-2	Sales Income	162	0.0	98536	8	0.0	
ENDTRNS	
TRNS	INVOICE	02/17/2022	Truck: 154wtoy	Accounts Receivable	154	0	98537	
SPL	INVOICE	02/17/2022	H2	Sales Income	154	0.0	98537	0.02	0.0	
ENDTRNS	
TRNS	INVOICE	02/17/2022	Truck: 154wjeep	Accounts Receivable	182	10.94	98538	
SPL	INVOICE	02/17/2022	DC	Sales Income	182	-10.94	98538	0.24	45.58	
ENDTRNS	
TRNS	INVOICE	02/17/2022	Truck: 154wsilver	Accounts Receivable	154	62.93	98539	
SPL	INVOICE	02/17/2022	DC	Sales Income	154	-62.93	98539	1.38	45.6	
ENDTRNS	
TRNS	INVOICE	02/17/2022	Truck: CoH2	Accounts Receivable	154	0	98540	
SPL	INVOICE	02/17/2022	I-2	Sales Income	154	0.0	98540	0.15	0.0	
ENDTRNS	
TRNS	INVOICE	02/17/2022	Truck: 154bram/t	Accounts Receivable	154	0	98541	
SPL	INVOICE	02/17/2022	H2	Sales Income	154	0.0	98541	0.44	0.0	
ENDTRNS	
TRNS	INVOICE	02/17/2022	Truck: 154suv/t	Accounts Receivable	154	0	98542	
SPL	INVOICE	02/17/2022	H2	Sales Income	154	0.0	98542	0.07	0.0	
ENDTRNS	
TRNS	INVOICE	02/17/2022	Truck: 1921-I	Accounts Receivable	162	0	98543	
SPL	INVOICE	02/17/2022	I-2	Sales Income	162	0.0	98543	0.99	0.0	
ENDTRNS	
TRNS	INVOICE	02/17/2022	Truck: 1926 20 yd	Accounts Receivable	162	0	98544	
SPL	INVOICE	02/17/2022	I-2	Sales Income	162	0.0	98544	0.83	0.0	
ENDTRNS	
TRNS	INVOICE	02/17/2022	Truck: 154w2500/t	Accounts Receivable	182	50.16	98545	
SPL	INVOICE	02/17/2022	DC	Sales Income	182	-50.16	98545	1.1	45.6	
ENDTRNS	
TRNS	INVOICE	02/17/2022	Truck: 154rram/t	Accounts Receivable	154	0	98546	
SPL	INVOICE	02/17/2022	H2	Sales Income	154	0.0	98546	0.36	0.0	
ENDTRNS	
TRNS	INVOICE	02/17/2022	Truck: 154wf150/t	Accounts Receivable	154	0	98547	
SPL	INVOICE	02/17/2022	I-2	Sales Income	154	0.0	98547	0.49	0.0	
ENDTRNS	
TRNS	INVOICE	02/17/2022	Truck: 154bramh/t	Accounts Receivable	154	0	98548	
SPL	INVOICE	02/17/2022	I-2	Sales Income	154	0.0	98548	0.27	0.0	
ENDTRNS	
TRNS	INVOICE	02/17/2022	Truck: 154btoyo	Accounts Receivable	154	0	98549	
SPL	INVOICE	02/17/2022	H2	Sales Income	154	0.0	98549	0.07	0.0	
ENDTRNS	
TRNS	INVOICE	02/17/2022	Truck: 154stund	Accounts Receivable	154	0	98550	
SPL	INVOICE	02/17/2022	H2	Sales Income	154	0.0	98550	0.26	0.0	
ENDTRNS	
TRNS	INVOICE	02/17/2022	Truck: 154bf250	Accounts Receivable	154	4.1	98551	
SPL	INVOICE	02/17/2022	DC	Sales Income	154	-4.1	98551	0.09	45.56	
ENDTRNS	
TRNS	INVOICE	02/12/2022	Truck: 154wpowe/t	Accounts Receivable	154	26.45	98260	
SPL	INVOICE	02/12/2022	DC	Sales Income	154	-26.45	98260	0.58	45.6	
ENDTRNS	
TRNS	INVOICE	02/12/2022	Truck: 154bhemi	Accounts Receivable	154	0	98261	
SPL	INVOICE	02/12/2022	H2	Sales Income	154	0.0	98261	0.06	0.0	
ENDTRNS	
TRNS	INVOICE	02/12/2022	Truck: 154stoy/t	Accounts Receivable	154	0	98262	
SPL	INVOICE	02/12/2022	H2	Sales Income	154	0.0	98262	0.12	0.0	
ENDTRNS	
TRNS	INVOICE	02/12/2022	Truck: 154wf150/t	Accounts Receivable	154	0	98263	
SPL	INVOICE	02/12/2022	I-2	Sales Income	154	0.0	98263	0.12	0.0	
ENDTRNS	
TRNS	INVOICE	02/12/2022	Truck: 154bf150	Accounts Receivable	154	0	98264	
SPL	INVOICE	02/12/2022	H2	Sales Income	154	0.0	98264	0.03	0.0	
ENDTRNS	
TRNS	INVOICE	02/12/2022	Truck: 154bsiera/	Accounts Receivable	154	0	98265	
SPL	INVOICE	02/12/2022	H2	Sales Income	154	0.0	98265	0.12	0.0	
ENDTRNS	
TRNS	INVOICE	02/12/2022	Truck: 154wttac	Accounts Receivable	154	0	98266	
SPL	INVOICE	02/12/2022	H2	Sales Income	154	0.0	98266	0.31	0.0	
ENDTRNS	
TRNS	INVOICE	02/12/2022	Truck: 154sfrang	Accounts Receivable	154	0	98267	
SPL	INVOICE	02/12/2022	H2	Sales Income	154	0.0	98267	0.08	0.0	
ENDTRNS	
TRNS	INVOICE	02/12/2022	Truck: 154bcz71	Accounts Receivable	154	0	98268	
SPL	INVOICE	02/12/2022	I-2	Sales Income	154	0.0	98268	0.04	0.0	
ENDTRNS	
TRNS	INVOICE	02/12/2022	Truck: 154b1500	Accounts Receivable	154	0	98269	
SPL	INVOICE	02/12/2022	H2	Sales Income	154	0.0	98269	0.01	0.0	
ENDTRNS	
TRNS	INVOICE	02/12/2022	Truck: 154mc3500	Accounts Receivable	154	0	98270	
SPL	INVOICE	02/12/2022	H2	Sales Income	154	0.0	98270	0.6	0.0	
ENDTRNS	
TRNS	INVOICE	02/12/2022	Truck: 154stian/t	Accounts Receivable	154	0	98271	
SPL	INVOICE	02/12/2022	H2	Sales Income	154	0.0	98271	0.84	0.0	
ENDTRNS	
TRNS	INVOICE	02/12/2022	Truck: 154wf150	Accounts Receivable	154	0	98272	
SPL	INVOICE	02/12/2022	I-2	Sales Income	154	0.0	98272	0.27	0.0	
ENDTRNS	
TRNS	INVOICE	02/12/2022	Truck: 154wf250	Accounts Receivable	154	0	98273	
SPL	INVOICE	02/12/2022	H2	Sales Income	154	0.0	98273	0.14	0.0	
ENDTRNS	
TRNS	INVOICE	02/12/2022	Truck: 154bfrang	Accounts Receivable	154	0	98274	
SPL	INVOICE	02/12/2022	I-2	Sales Income	154	0.0	98274	0.08	0.0	
ENDTRNS	
TRNS	INVOICE	02/12/2022	Truck: 154mtac/t	Accounts Receivable	154	0	98275	
SPL	INVOICE	02/12/2022	H2	Sales Income	154	0.0	98275	0.32	0.0	
ENDTRNS	
TRNS	INVOICE	02/12/2022	Truck: 154bcls	Accounts Receivable	154	0	98276	
SPL	INVOICE	02/12/2022	H2	Sales Income	154	0.0	98276	0.13	0.0	
ENDTRNS	
TRNS	INVOICE	02/12/2022	Truck: 154bf250	Accounts Receivable	154	0	98277	
SPL	INVOICE	02/12/2022	H2	Sales Income	154	0.0	98277	0.03	0.0	
ENDTRNS	
TRNS	INVOICE	02/12/2022	Truck: 154bf150/t	Accounts Receivable	154	0	98296	
SPL	INVOICE	02/12/2022	H2	Sales Income	154	0.0	98296	0.21	0.0	
ENDTRNS	
TRNS	INVOICE	02/12/2022	Truck: 154wtacom	Accounts Receivable	154	0	98297	
SPL	INVOICE	02/12/2022	H2	Sales Income	154	0.0	98297	0.37	0.0	
ENDTRNS	
TRNS	INVOICE	02/12/2022	Truck: 182	Accounts Receivable	236	71.59	98298	
SPL	INVOICE	02/12/2022	DC	Sales Income	236	-71.59	98298	1.57	45.6	
ENDTRNS	
TRNS	INVOICE	02/12/2022	Truck: 154wtrxta	Accounts Receivable	154	0	98299	
SPL	INVOICE	02/12/2022	H2	Sales Income	154	0.0	98299	0.02	0.0	
ENDTRNS	
TRNS	INVOICE	02/14/2022	Truck: 154tun	Accounts Receivable	154	0	98312	
SPL	INVOICE	02/14/2022	H2	Sales Income	154	0.0	98312	0.33	0.0	
ENDTRNS	
TRNS	INVOICE	02/14/2022	Truck: 1001calcom	Accounts Receivable	240	284.54	98313	
SPL	INVOICE	02/14/2022	H1	Sales Income	240	-284.54	98313	6.24	45.6	
ENDTRNS	
TRNS	INVOICE	02/14/2022	Truck: 182dump	Accounts Receivable	182	74.33	98314	
SPL	INVOICE	02/14/2022	H1	Sales Income	182	-74.33	98314	1.63	45.6	
ENDTRNS	
TRNS	INVOICE	02/14/2022	Truck: 1925	Accounts Receivable	162	0	98315	
SPL	INVOICE	02/14/2022	H-2	Sales Income	162	0.0	98315	4.3	0.0	
ENDTRNS	
TRNS	INVOICE	02/14/2022	Truck: 154grr	Accounts Receivable	154	0	98316	
SPL	INVOICE	02/14/2022	I-2	Sales Income	154	0.0	98316	0.64	0.0	
ENDTRNS	
TRNS	INVOICE	02/14/2022	Truck: 154road	Accounts Receivable	154	0	98317	
SPL	INVOICE	02/14/2022	I-2	Sales Income	154	0.0	98317	0.49	0.0	
ENDTRNS	
TRNS	INVOICE	02/14/2022	Truck: Renne's 94	Accounts Receivable	194	30.1	98318	
SPL	INVOICE	02/14/2022	H1	Sales Income	194	-30.1	98318	0.66	45.61	
ENDTRNS	
TRNS	INVOICE	02/14/2022	Truck: 154slide	Accounts Receivable	154	0	98319	
SPL	INVOICE	02/14/2022	H2	Sales Income	154	0.0	98319	0.37	0.0	
ENDTRNS	
TRNS	INVOICE	02/14/2022	Truck: 154blkram	Accounts Receivable	154	0	98320	
SPL	INVOICE	02/14/2022	I-2	Sales Income	154	0.0	98320	0.05	0.0	
ENDTRNS	
TRNS	INVOICE	02/14/2022	Truck: 154blk150	Accounts Receivable	154	0	98321	
SPL	INVOICE	02/14/2022	H2	Sales Income	154	0.0	98321	0.08	0.0	
ENDTRNS	
TRNS	INVOICE	02/14/2022	Truck: 1926 O	Accounts Receivable	162	0	98322	
SPL	INVOICE	02/14/2022	H-2	Sales Income	162	0.0	98322	1.1	0.0	
ENDTRNS	
TRNS	INVOICE	02/14/2022	Truck: 1921-O	Accounts Receivable	162	0	98323	
SPL	INVOICE	02/14/2022	H-2	Sales Income	162	0.0	98323	2.24	0.0	
ENDTRNS	
TRNS	INVOICE	02/14/2022	Truck: 154/1	Accounts Receivable	236	0	98324	
SPL	INVOICE	02/14/2022	H2	Sales Income	236	0.0	98324	0.48	0.0	
ENDTRNS	
TRNS	INVOICE	02/14/2022	Truck: 154sxt	Accounts Receivable	154	0	98326	
SPL	INVOICE	02/14/2022	I-2	Sales Income	154	0.0	98326	0.21	0.0	
ENDTRNS	
TRNS	INVOICE	02/14/2022	Truck: 1906	Accounts Receivable	162	0	98345	
SPL	INVOICE	02/14/2022	H-2	Sales Income	162	0.0	98345	9.1	0.0	
ENDTRNS	
TRNS	INVOICE	02/14/2022	Truck: 182red	Accounts Receivable	182	37.62	98346	
SPL	INVOICE	02/14/2022	I-1	Sales Income	182	-37.62	98346	2.09	18.0	
ENDTRNS	
TRNS	INVOICE	02/14/2022	Truck: 182ram	Accounts Receivable	182	42.12	98347	
SPL	INVOICE	02/14/2022	I-1	Sales Income	182	-42.12	98347	2.34	18.0	
ENDTRNS	
TRNS	INVOICE	02/14/2022	Truck: 1905	Accounts Receivable	162	0	98348	
SPL	INVOICE	02/14/2022	H-2	Sales Income	162	0.0	98348	8.62	0.0	
ENDTRNS	
TRNS	INVOICE	02/14/2022	Truck: 1923	Accounts Receivable	162	0	98349	
SPL	INVOICE	02/14/2022	H-2	Sales Income	162	0.0	98349	9.81	0.0	
ENDTRNS	
TRNS	INVOICE	02/14/2022	Truck: 1921-O	Accounts Receivable	162	0	98350	
SPL	INVOICE	02/14/2022	H-2	Sales Income	162	0.0	98350	3.12	0.0	
ENDTRNS	
TRNS	INVOICE	02/14/2022	Truck: 154150	Accounts Receivable	154	0	98351	
SPL	INVOICE	02/14/2022	H2	Sales Income	154	0.0	98351	0.06	0.0	
ENDTRNS	
TRNS	INVOICE	02/14/2022	Truck: 1907	Accounts Receivable	162	0	98352	
SPL	INVOICE	02/14/2022	H-2	Sales Income	162	0.0	98352	6	0.0	
ENDTRNS	
TRNS	INVOICE	02/15/2022	Truck: 154sf150	Accounts Receivable	154	0	98354	
SPL	INVOICE	02/15/2022	H2	Sales Income	154	0.0	98354	0.04	0.0	
ENDTRNS	
TRNS	INVOICE	02/15/2022	Truck: 154bram	Accounts Receivable	154	0	98355	
SPL	INVOICE	02/15/2022	H2	Sales Income	154	0.0	98355	0.01	0.0	
ENDTRNS	
TRNS	INVOICE	02/15/2022	Truck: 182dumpit	Accounts Receivable	182	61.56	98356	
SPL	INVOICE	02/15/2022	H1	Sales Income	182	-61.56	98356	1.35	45.6	
ENDTRNS	
TRNS	INVOICE	02/15/2022	Truck: 1001JCGCOM	Accounts Receivable	240	120.84	98357	
SPL	INVOICE	02/15/2022	H1	Sales Income	240	-120.84	98357	2.65	45.6	
ENDTRNS	
TRNS	INVOICE	02/15/2022	Truck: 182junkman	Accounts Receivable	182	35.57	98358	
SPL	INVOICE	02/15/2022	H1	Sales Income	182	-35.57	98358	0.78	45.6	
ENDTRNS	
TRNS	INVOICE	02/15/2022	Truck: 154suv	Accounts Receivable	154	0	98359	
SPL	INVOICE	02/15/2022	H2	Sales Income	154	0.0	98359	0.04	0.0	
ENDTRNS	
TRNS	INVOICE	02/15/2022	Truck: 154wram25/	Accounts Receivable	154	119.93	98360	
SPL	INVOICE	02/15/2022	DC	Sales Income	154	-119.93	98360	2.63	45.6	
ENDTRNS	
TRNS	INVOICE	02/15/2022	Truck: 2679	Accounts Receivable	173	0	98361	
SPL	INVOICE	02/15/2022	H-3	Sales Income	173	0.0	98361	25.64	0.0	
ENDTRNS	
TRNS	INVOICE	02/15/2022	Truck: 154wgmc	Accounts Receivable	154	5.02	98362	
SPL	INVOICE	02/15/2022	DC	Sales Income	154	-5.02	98362	0.11	45.64	
ENDTRNS	
TRNS	INVOICE	02/17/2022	Truck: CoH2	Accounts Receivable	154	0	98552	
SPL	INVOICE	02/17/2022	I-2	Sales Income	154	0.0	98552	0.09	0.0	
ENDTRNS	
TRNS	INVOICE	02/17/2022	Truck: 1907	Accounts Receivable	162	0	98553	
SPL	INVOICE	02/17/2022	H-2	Sales Income	162	0.0	98553	5.99	0.0	
ENDTRNS	
TRNS	INVOICE	02/17/2022	Truck: 2679	Accounts Receivable	173	0	98554	
SPL	INVOICE	02/17/2022	H-3	Sales Income	173	0.0	98554	26.58	0.0	
ENDTRNS	
TRNS	INVOICE	02/17/2022	Truck: 154wgmc/t	Accounts Receivable	182	55.18	98555	
SPL	INVOICE	02/17/2022	DC	Sales Income	182	-55.18	98555	1.21	45.6	
ENDTRNS	
TRNS	INVOICE	02/17/2022	Truck: 154bf	Accounts Receivable	154	0	98556	
SPL	INVOICE	02/17/2022	H2	Sales Income	154	0.0	98556	0.04	0.0	
ENDTRNS	
TRNS	INVOICE	02/17/2022	Truck: 154stacom/	Accounts Receivable	154	0	98557	
SPL	INVOICE	02/17/2022	H2	Sales Income	154	0.0	98557	0.25	0.0	
ENDTRNS	
TRNS	INVOICE	02/17/2022	Truck: 154bf150	Accounts Receivable	154	0	98558	
SPL	INVOICE	02/17/2022	H2	Sales Income	154	0.0	98558	0.11	0.0	
ENDTRNS	
TRNS	INVOICE	02/17/2022	Truck: 405-1489	Accounts Receivable	150	0	98559	
SPL	INVOICE	02/17/2022	I-2	Sales Income	150	0.0	98559	0.42	0.0	
ENDTRNS	
TRNS	INVOICE	02/17/2022	Truck: 154ttac	Accounts Receivable	154	0	98560	
SPL	INVOICE	02/17/2022	H2	Sales Income	154	0.0	98560	0.05	0.0	
ENDTRNS	
TRNS	INVOICE	02/17/2022	Truck: 154wf	Accounts Receivable	154	0	98561	
SPL	INVOICE	02/17/2022	H2	Sales Income	154	0.0	98561	0.06	0.0	
ENDTRNS	
TRNS	INVOICE	02/17/2022	Truck: 154rf150/t	Accounts Receivable	154	28.26	98562	
SPL	INVOICE	02/17/2022	I-1	Sales Income	154	-28.26	98562	1.57	18.0	
ENDTRNS	
TRNS	INVOICE	02/17/2022	Truck: 154bram/t	Accounts Receivable	154	61.02	98563	
SPL	INVOICE	02/17/2022	I-1	Sales Income	154	-61.02	98563	3.39	18.0	
ENDTRNS	
TRNS	INVOICE	02/18/2022	Truck: blsuv	Accounts Receivable	154	0	98581	
SPL	INVOICE	02/18/2022	H2	Sales Income	154	0.0	98581	0.07	0.0	
ENDTRNS	
TRNS	INVOICE	02/18/2022	Truck: 1001JCG20y	Accounts Receivable	240	36.48	98582	
SPL	INVOICE	02/18/2022	H1	Sales Income	240	-36.48	98582	0.8	45.6	
ENDTRNS	
TRNS	INVOICE	02/18/2022	Truck: Silverf250	Accounts Receivable	154	0	98583	
SPL	INVOICE	02/18/2022	H2	Sales Income	154	0.0	98583	0.08	0.0	
ENDTRNS	
