!TRNS	TRANSTYPE	DATE	MEMO	ACCNT	NAME	AMOUNT	DOCNUM	
!SPL	TRANSTYPE	DATE	MEMO	ACCNT	NAME	AMOUNT	DOCNUM	QNTY	PRICE	
!ENDTRNS	
TRNS	INVOICE	02/01/2021	Truck: 154	Accounts Receivable	154	0	78292	
SPL	INVOICE	02/01/2021	H-2	Sales Income	154	0.0	78292	0.41	0.0	
ENDTRNS	
TRNS	INVOICE	02/01/2021	Truck: 1001JCGCOM	Accounts Receivable	240	176.36	78293	
SPL	INVOICE	02/01/2021	H1	Sales Income	240	-176.36	78293	3.8675	45.6	
ENDTRNS	
TRNS	INVOICE	02/01/2021	Truck: 1921-I	Accounts Receivable	162	0	78294	
SPL	INVOICE	02/01/2021	H2	Sales Income	162	0.0	78294	0.91	0.0	
ENDTRNS	
TRNS	INVOICE	02/01/2021	Truck: 182	Accounts Receivable	239	196.99	78295	
SPL	INVOICE	02/01/2021	DC	Sales Income	239	-196.99	78295	4.32	45.6	
ENDTRNS	
TRNS	INVOICE	02/01/2021	Truck: 1921-O	Accounts Receivable	162	0	78296	
SPL	INVOICE	02/01/2021	H-2	Sales Income	162	0.0	78296	2.46	0.0	
ENDTRNS	
TRNS	INVOICE	02/01/2021	Truck: 182	Accounts Receivable	182	5.47	78297	
SPL	INVOICE	02/01/2021	DC	Sales Income	182	-5.47	78297	0.12	45.58	
ENDTRNS	
TRNS	INVOICE	02/01/2021	Truck: 182lil	Accounts Receivable	182	69.77	78298	
SPL	INVOICE	02/01/2021	DC	Sales Income	182	-69.77	78298	1.53	45.6	
ENDTRNS	
TRNS	INVOICE	02/01/2021	Truck: 1921-C	Accounts Receivable	162	0	78299	
SPL	INVOICE	02/01/2021	H-2	Sales Income	162	0.0	78299	8.61	0.0	
ENDTRNS	
TRNS	INVOICE	02/01/2021	Truck: 182f250	Accounts Receivable	182	22.8	78300	
SPL	INVOICE	02/01/2021	DC	Sales Income	182	-22.8	78300	0.5	45.6	
ENDTRNS	
TRNS	INVOICE	02/01/2021	Truck: 154w150	Accounts Receivable	154	0	78301	
SPL	INVOICE	02/01/2021	H2	Sales Income	154	0.0	78301	0.88	0.0	
ENDTRNS	
TRNS	INVOICE	02/01/2021	Truck: 154	Accounts Receivable	236	0	78302	
SPL	INVOICE	02/01/2021	H2	Sales Income	236	0.0	78302	1.01	0.0	
ENDTRNS	
TRNS	INVOICE	02/01/2021	Truck: 1904	Accounts Receivable	162	0	78303	
SPL	INVOICE	02/01/2021	H-2	Sales Income	162	0.0	78303	5.13	0.0	
ENDTRNS	
TRNS	INVOICE	02/01/2021	Truck: 154red	Accounts Receivable	154	0	78305	
SPL	INVOICE	02/01/2021	H2	Sales Income	154	0.0	78305	0.1	0.0	
ENDTRNS	
TRNS	INVOICE	02/01/2021	Truck: 1921-O	Accounts Receivable	162	0	78306	
SPL	INVOICE	02/01/2021	H-2	Sales Income	162	0.0	78306	2.75	0.0	
ENDTRNS	
TRNS	INVOICE	02/01/2021	Truck: 154ex	Accounts Receivable	154	0	78307	
SPL	INVOICE	02/01/2021	H2	Sales Income	154	0.0	78307	0.31	0.0	
ENDTRNS	
TRNS	INVOICE	02/01/2021	Truck: 154s10	Accounts Receivable	154	0	78308	
SPL	INVOICE	02/01/2021	H2	Sales Income	154	0.0	78308	0.36	0.0	
ENDTRNS	
TRNS	INVOICE	02/01/2021	Truck: 1221	Accounts Receivable	173	0	78309	
SPL	INVOICE	02/01/2021	H-3	Sales Income	173	0.0	78309	25.99	0.0	
ENDTRNS	
TRNS	INVOICE	02/01/2021	Truck: 182	Accounts Receivable	182	28.27	78310	
SPL	INVOICE	02/01/2021	DC	Sales Income	182	-28.27	78310	0.62	45.6	
ENDTRNS	
TRNS	INVOICE	02/01/2021	Truck: 154white	Accounts Receivable	154	0	78311	
SPL	INVOICE	02/01/2021	H2	Sales Income	154	0.0	78311	0.72	0.0	
ENDTRNS	
TRNS	INVOICE	02/01/2021	Truck: 154	Accounts Receivable	236	0	78312	
SPL	INVOICE	02/01/2021	H2	Sales Income	236	0.0	78312	0.42	0.0	
ENDTRNS	
TRNS	INVOICE	02/01/2021	Truck: 182	Accounts Receivable	182	7.75	78313	
SPL	INVOICE	02/01/2021	DC	Sales Income	182	-7.75	78313	0.17	45.59	
ENDTRNS	
TRNS	INVOICE	02/01/2021	Truck: 1921-C	Accounts Receivable	162	0	78314	
SPL	INVOICE	02/01/2021	H-2	Sales Income	162	0.0	78314	5.8	0.0	
ENDTRNS	
TRNS	INVOICE	02/01/2021	Truck: 154	Accounts Receivable	154	0	78315	
SPL	INVOICE	02/01/2021	H-2	Sales Income	154	0.0	78315	0.52	0.0	
ENDTRNS	
TRNS	INVOICE	02/01/2021	Truck: 1 2 3	Accounts Receivable	154	0	78316	
SPL	INVOICE	02/01/2021	H-2	Sales Income	154	0.0	78316	2.14	0.0	
ENDTRNS	
TRNS	INVOICE	02/01/2021	Truck: 182	Accounts Receivable	182	26.9	78317	
SPL	INVOICE	02/01/2021	DC	Sales Income	182	-26.9	78317	0.59	45.59	
ENDTRNS	
TRNS	INVOICE	02/01/2021	Truck: 1920	Accounts Receivable	162	0	78318	
SPL	INVOICE	02/01/2021	H-2	Sales Income	162	0.0	78318	8.63	0.0	
ENDTRNS	
TRNS	INVOICE	02/01/2021	Truck: 154fx4	Accounts Receivable	154	0	78319	
SPL	INVOICE	02/01/2021	I-2	Sales Income	154	0.0	78319	0.21	0.0	
ENDTRNS	
TRNS	INVOICE	02/01/2021	Truck: 1904	Accounts Receivable	162	0	78320	
SPL	INVOICE	02/01/2021	H-2	Sales Income	162	0.0	78320	4.89	0.0	
ENDTRNS	
TRNS	INVOICE	02/01/2021	Truck: Renee 2	Accounts Receivable	194	18.7	78321	
SPL	INVOICE	02/01/2021	H1	Sales Income	194	-18.7	78321	0.41	45.61	
ENDTRNS	
TRNS	INVOICE	02/01/2021	Truck: 1902	Accounts Receivable	162	0	78322	
SPL	INVOICE	02/01/2021	H-2	Sales Income	162	0.0	78322	6.2	0.0	
ENDTRNS	
TRNS	INVOICE	02/01/2021	Truck: 154foredt	Accounts Receivable	154	0	78323	
SPL	INVOICE	02/01/2021	I-2	Sales Income	154	0.0	78323	0.99	0.0	
ENDTRNS	
TRNS	INVOICE	02/01/2021	Truck: 1906	Accounts Receivable	162	0	78324	
SPL	INVOICE	02/01/2021	H-2	Sales Income	162	0.0	78324	8.97	0.0	
ENDTRNS	
TRNS	INVOICE	02/01/2021	Truck: 1923	Accounts Receivable	162	0	78325	
SPL	INVOICE	02/01/2021	H-2	Sales Income	162	0.0	78325	10.17	0.0	
ENDTRNS	
TRNS	INVOICE	02/01/2021	Truck: 182	Accounts Receivable	182	31.01	78326	
SPL	INVOICE	02/01/2021	DC	Sales Income	182	-31.01	78326	0.68	45.6	
ENDTRNS	
TRNS	INVOICE	02/01/2021	Truck: 182tac	Accounts Receivable	182	42.86	78327	
SPL	INVOICE	02/01/2021	DC	Sales Income	182	-42.86	78327	0.94	45.6	
ENDTRNS	
TRNS	INVOICE	02/01/2021	Truck: 154	Accounts Receivable	154	0	78328	
SPL	INVOICE	02/01/2021	H-2	Sales Income	154	0.0	78328	0.17	0.0	
ENDTRNS	
TRNS	INVOICE	02/01/2021	Truck: 154	Accounts Receivable	154	0	78329	
SPL	INVOICE	02/01/2021	H-2	Sales Income	154	0.0	78329	0.05	0.0	
ENDTRNS	
TRNS	INVOICE	02/01/2021	Truck: CoH2	Accounts Receivable	154	0	78330	
SPL	INVOICE	02/01/2021	H-2	Sales Income	154	0.0	78330	0.17	0.0	
ENDTRNS	
TRNS	INVOICE	02/01/2021	Truck: 154	Accounts Receivable	154	0	78331	
SPL	INVOICE	02/01/2021	H-2	Sales Income	154	0.0	78331	0.59	0.0	
ENDTRNS	
TRNS	INVOICE	02/01/2021	Truck: 154sieera	Accounts Receivable	154	0	78332	
SPL	INVOICE	02/01/2021	H2	Sales Income	154	0.0	78332	0.49	0.0	
ENDTRNS	
TRNS	INVOICE	02/02/2021	Truck: 1001JCGCOM	Accounts Receivable	240	143.98	78333	
SPL	INVOICE	02/02/2021	H1	Sales Income	240	-143.98	78333	3.1575	45.6	
ENDTRNS	
TRNS	INVOICE	02/02/2021	Truck: 1134	Accounts Receivable	173	0	78334	
SPL	INVOICE	02/02/2021	H-3	Sales Income	173	0.0	78334	25.04	0.0	
ENDTRNS	
TRNS	INVOICE	02/02/2021	Truck: 182	Accounts Receivable	182	21.43	78335	
SPL	INVOICE	02/02/2021	DC	Sales Income	182	-21.43	78335	0.47	45.6	
ENDTRNS	
TRNS	INVOICE	02/02/2021	Truck: 154	Accounts Receivable	154	0	78336	
SPL	INVOICE	02/02/2021	H-2	Sales Income	154	0.0	78336	0.18	0.0	
ENDTRNS	
TRNS	INVOICE	02/02/2021	Truck: 154red	Accounts Receivable	182	9.12	78337	
SPL	INVOICE	02/02/2021	DC	Sales Income	182	-9.12	78337	0.2	45.6	
ENDTRNS	
TRNS	INVOICE	02/02/2021	Truck: outdoor	Accounts Receivable	236	98.04	78338	
SPL	INVOICE	02/02/2021	DC	Sales Income	236	-98.04	78338	2.15	45.6	
ENDTRNS	
TRNS	INVOICE	02/02/2021	Truck: 182	Accounts Receivable	204	16.42	78339	
SPL	INVOICE	02/02/2021	DC	Sales Income	204	-16.42	78339	0.36	45.61	
ENDTRNS	
TRNS	INVOICE	02/02/2021	Truck: 154blu	Accounts Receivable	154	0	78340	
SPL	INVOICE	02/02/2021	H2	Sales Income	154	0.0	78340	0.08	0.0	
ENDTRNS	
TRNS	INVOICE	02/02/2021	Truck: 154	Accounts Receivable	154	0	78341	
SPL	INVOICE	02/02/2021	H-2	Sales Income	154	0.0	78341	0.05	0.0	
ENDTRNS	
TRNS	INVOICE	02/02/2021	Truck: jimmy	Accounts Receivable	182	123.58	78342	
SPL	INVOICE	02/02/2021	DC	Sales Income	182	-123.58	78342	2.71	45.6	
ENDTRNS	
TRNS	INVOICE	02/02/2021	Truck: 182	Accounts Receivable	182	30.1	78343	
SPL	INVOICE	02/02/2021	DC	Sales Income	182	-30.1	78343	0.66	45.61	
ENDTRNS	
TRNS	INVOICE	02/02/2021	Truck: 1921-R	Accounts Receivable	162	0	78344	
SPL	INVOICE	02/02/2021	W-1 (White Goods )	Sales Income	162	0.0	78344	3.95	0.0	
ENDTRNS	
TRNS	INVOICE	02/02/2021	Truck: 154	Accounts Receivable	154	0	78345	
SPL	INVOICE	02/02/2021	H-2	Sales Income	154	0.0	78345	0.12	0.0	
ENDTRNS	
TRNS	INVOICE	02/02/2021	Truck: Renee 2	Accounts Receivable	194	5.93	78346	
SPL	INVOICE	02/02/2021	H1	Sales Income	194	-5.93	78346	0.13	45.62	
ENDTRNS	
TRNS	INVOICE	02/02/2021	Truck: 456	Accounts Receivable	456	5.93	78347	
SPL	INVOICE	02/02/2021	H1	Sales Income	456	-5.93	78347	0.13	45.62	
ENDTRNS	
TRNS	INVOICE	02/02/2021	Truck: outdoor	Accounts Receivable	236	142.73	78348	
SPL	INVOICE	02/02/2021	DC	Sales Income	236	-142.73	78348	3.13	45.6	
ENDTRNS	
TRNS	INVOICE	02/02/2021	Truck: 182	Accounts Receivable	182	31.46	78349	
SPL	INVOICE	02/02/2021	DC	Sales Income	182	-31.46	78349	0.69	45.59	
ENDTRNS	
TRNS	INVOICE	02/02/2021	Truck: hamm	Accounts Receivable	182	31.92	78350	
SPL	INVOICE	02/02/2021	DC	Sales Income	182	-31.92	78350	0.7	45.6	
ENDTRNS	
TRNS	INVOICE	02/02/2021	Truck: 154	Accounts Receivable	154	0	78351	
SPL	INVOICE	02/02/2021	H-2	Sales Income	154	0.0	78351	0.22	0.0	
ENDTRNS	
TRNS	INVOICE	02/02/2021	Truck: 1822	Accounts Receivable	182	59.28	78352	
SPL	INVOICE	02/02/2021	DC	Sales Income	182	-59.28	78352	1.3	45.6	
ENDTRNS	
TRNS	INVOICE	02/02/2021	Truck: 1134	Accounts Receivable	173	0	78353	
SPL	INVOICE	02/02/2021	H-3	Sales Income	173	0.0	78353	27.84	0.0	
ENDTRNS	
TRNS	INVOICE	02/02/2021	Truck: 154	Accounts Receivable	154	0	78354	
SPL	INVOICE	02/02/2021	W-1 (White Goods )	Sales Income	154	0.0	78354	0.21	0.0	
ENDTRNS	
TRNS	INVOICE	02/02/2021	Truck: 1904	Accounts Receivable	162	0	78355	
SPL	INVOICE	02/02/2021	H-2	Sales Income	162	0.0	78355	7.56	0.0	
ENDTRNS	
TRNS	INVOICE	02/02/2021	Truck: 1907	Accounts Receivable	162	0	78356	
SPL	INVOICE	02/02/2021	H-2	Sales Income	162	0.0	78356	7.26	0.0	
ENDTRNS	
TRNS	INVOICE	02/02/2021	Truck: 1905	Accounts Receivable	162	0	78357	
SPL	INVOICE	02/02/2021	H-2	Sales Income	162	0.0	78357	7.47	0.0	
ENDTRNS	
TRNS	INVOICE	02/02/2021	Truck: 154	Accounts Receivable	154	0	78358	
SPL	INVOICE	02/02/2021	H-2	Sales Income	154	0.0	78358	0.05	0.0	
ENDTRNS	
TRNS	INVOICE	02/02/2021	Truck: 182	Accounts Receivable	182	0	78359	
SPL	INVOICE	02/02/2021	H2	Sales Income	182	0.0	78359	1.14	0.0	
ENDTRNS	
TRNS	INVOICE	02/02/2021	Truck: 154	Accounts Receivable	154	0	78360	
SPL	INVOICE	02/02/2021	H-2	Sales Income	154	0.0	78360	0.07	0.0	
ENDTRNS	
TRNS	INVOICE	02/02/2021	Truck: Renee 2	Accounts Receivable	194	13.68	78361	
SPL	INVOICE	02/02/2021	H1	Sales Income	194	-13.68	78361	0.3	45.6	
ENDTRNS	
TRNS	INVOICE	02/02/2021	Truck: 1903	Accounts Receivable	162	0	78362	
SPL	INVOICE	02/02/2021	H-2	Sales Income	162	0.0	78362	10.79	0.0	
ENDTRNS	
TRNS	INVOICE	02/02/2021	Truck: 154	Accounts Receivable	154	0	78363	
SPL	INVOICE	02/02/2021	H-2	Sales Income	154	0.0	78363	0.19	0.0	
ENDTRNS	
TRNS	INVOICE	02/02/2021	Truck: 1923	Accounts Receivable	162	0	78364	
SPL	INVOICE	02/02/2021	H-2	Sales Income	162	0.0	78364	9.36	0.0	
ENDTRNS	
TRNS	INVOICE	02/02/2021	Truck: 1904	Accounts Receivable	162	0	78365	
SPL	INVOICE	02/02/2021	H-2	Sales Income	162	0.0	78365	2.26	0.0	
ENDTRNS	
TRNS	INVOICE	02/02/2021	Truck: 154	Accounts Receivable	154	0	78366	
SPL	INVOICE	02/02/2021	H-2	Sales Income	154	0.0	78366	0.39	0.0	
ENDTRNS	
TRNS	INVOICE	02/02/2021	Truck: 1134	Accounts Receivable	173	0	78367	
SPL	INVOICE	02/02/2021	H-3	Sales Income	173	0.0	78367	29.43	0.0	
ENDTRNS	
TRNS	INVOICE	02/02/2021	Truck: 1906	Accounts Receivable	162	0	78368	
SPL	INVOICE	02/02/2021	H-2	Sales Income	162	0.0	78368	9.32	0.0	
ENDTRNS	
TRNS	INVOICE	02/02/2021	Truck: 154	Accounts Receivable	154	0	78369	
SPL	INVOICE	02/02/2021	H-2	Sales Income	154	0.0	78369	0.13	0.0	
ENDTRNS	
TRNS	INVOICE	02/02/2021	Truck: ABC	Accounts Receivable	243	0	78370	
SPL	INVOICE	02/02/2021	H-4	Sales Income	243	0.0	78370	4.49	0.0	
ENDTRNS	
TRNS	INVOICE	02/03/2021	Truck: 1134	Accounts Receivable	173	0	78371	
SPL	INVOICE	02/03/2021	H-3	Sales Income	173	0.0	78371	31.42	0.0	
ENDTRNS	
TRNS	INVOICE	02/03/2021	Truck: 1001calcom	Accounts Receivable	240	172.82	78372	
SPL	INVOICE	02/03/2021	H1	Sales Income	240	-172.82	78372	3.79	45.6	
ENDTRNS	
TRNS	INVOICE	02/03/2021	Truck: 182	Accounts Receivable	182	34.66	78373	
SPL	INVOICE	02/03/2021	DC	Sales Income	182	-34.66	78373	0.76	45.61	
ENDTRNS	
TRNS	INVOICE	02/03/2021	Truck: 1221	Accounts Receivable	173	0	78374	
SPL	INVOICE	02/03/2021	H-3	Sales Income	173	0.0	78374	26.16	0.0	
ENDTRNS	
TRNS	INVOICE	02/03/2021	Truck: 154	Accounts Receivable	154	0	78375	
SPL	INVOICE	02/03/2021	I-2	Sales Income	154	0.0	78375	1.05	0.0	
ENDTRNS	
TRNS	INVOICE	02/03/2021	Truck: 182	Accounts Receivable	182	6.84	78376	
SPL	INVOICE	02/03/2021	DC	Sales Income	182	-6.84	78376	0.15	45.6	
ENDTRNS	
TRNS	INVOICE	02/03/2021	Truck: junk	Accounts Receivable	182	79.8	78377	
SPL	INVOICE	02/03/2021	H1	Sales Income	182	-79.8	78377	1.75	45.6	
ENDTRNS	
TRNS	INVOICE	02/03/2021	Truck: 154	Accounts Receivable	154	0	78378	
SPL	INVOICE	02/03/2021	H-2	Sales Income	154	0.0	78378	0.07	0.0	
ENDTRNS	
TRNS	INVOICE	02/03/2021	Truck: 154	Accounts Receivable	154	0	78379	
SPL	INVOICE	02/03/2021	H-2	Sales Income	154	0.0	78379	0.68	0.0	
ENDTRNS	
TRNS	INVOICE	02/03/2021	Truck: 405-1489	Accounts Receivable	150	0	78380	
SPL	INVOICE	02/03/2021	H2	Sales Income	150	0.0	78380	0.48	0.0	
ENDTRNS	
TRNS	INVOICE	02/03/2021	Truck: SHILOH	Accounts Receivable	154	0	78381	
SPL	INVOICE	02/03/2021	I-2	Sales Income	154	0.0	78381	2.35	0.0	
ENDTRNS	
TRNS	INVOICE	02/03/2021	Truck: 182	Accounts Receivable	182	4.1	78382	
SPL	INVOICE	02/03/2021	DC	Sales Income	182	-4.1	78382	0.09	45.56	
ENDTRNS	
TRNS	INVOICE	02/03/2021	Truck: 154	Accounts Receivable	154	0	78383	
SPL	INVOICE	02/03/2021	H-2	Sales Income	154	0.0	78383	0.01	0.0	
ENDTRNS	
TRNS	INVOICE	02/03/2021	Truck: igreen	Accounts Receivable	182	118.56	78384	
SPL	INVOICE	02/03/2021	DC	Sales Income	182	-118.56	78384	2.6	45.6	
ENDTRNS	
TRNS	INVOICE	02/03/2021	Truck: 1134	Accounts Receivable	173	0	78385	
SPL	INVOICE	02/03/2021	H-3	Sales Income	173	0.0	78385	21.96	0.0	
ENDTRNS	
TRNS	INVOICE	02/03/2021	Truck: 182	Accounts Receivable	182	6.38	78386	
SPL	INVOICE	02/03/2021	DC	Sales Income	182	-6.38	78386	0.14	45.57	
ENDTRNS	
TRNS	INVOICE	02/03/2021	Truck: 154	Accounts Receivable	154	0	78387	
SPL	INVOICE	02/03/2021	I-2	Sales Income	154	0.0	78387	2.69	0.0	
ENDTRNS	
TRNS	INVOICE	02/03/2021	Truck: moss	Accounts Receivable	154	11.34	78388	
SPL	INVOICE	02/03/2021	I-1	Sales Income	154	-11.34	78388	0.63	18.0	
ENDTRNS	
TRNS	INVOICE	02/03/2021	Truck: 1904	Accounts Receivable	162	0	78389	
SPL	INVOICE	02/03/2021	H-2	Sales Income	162	0.0	78389	8.4	0.0	
ENDTRNS	
TRNS	INVOICE	02/03/2021	Truck: 154	Accounts Receivable	154	0	78390	
SPL	INVOICE	02/03/2021	I-2	Sales Income	154	0.0	78390	0.01	0.0	
ENDTRNS	
TRNS	INVOICE	02/03/2021	Truck: 1542	Accounts Receivable	154	0	78391	
SPL	INVOICE	02/03/2021	H2	Sales Income	154	0.0	78391	0.14	0.0	
ENDTRNS	
TRNS	INVOICE	02/03/2021	Truck: 154	Accounts Receivable	154	0	78392	
SPL	INVOICE	02/03/2021	I-2	Sales Income	154	0.0	78392	0.24	0.0	
ENDTRNS	
TRNS	INVOICE	02/03/2021	Truck: 1907	Accounts Receivable	162	0	78393	
SPL	INVOICE	02/03/2021	H-2	Sales Income	162	0.0	78393	1.06	0.0	
ENDTRNS	
TRNS	INVOICE	02/03/2021	Truck: 154	Accounts Receivable	154	0	78394	
SPL	INVOICE	02/03/2021	H-2	Sales Income	154	0.0	78394	0.1	0.0	
ENDTRNS	
TRNS	INVOICE	02/03/2021	Truck: 154	Accounts Receivable	154	0	78395	
SPL	INVOICE	02/03/2021	I-2	Sales Income	154	0.0	78395	0.06	0.0	
ENDTRNS	
TRNS	INVOICE	02/03/2021	Truck: 1923	Accounts Receivable	162	0	78396	
SPL	INVOICE	02/03/2021	H-2	Sales Income	162	0.0	78396	8.95	0.0	
ENDTRNS	
TRNS	INVOICE	02/03/2021	Truck: 1907	Accounts Receivable	162	0	78397	
SPL	INVOICE	02/03/2021	H-2	Sales Income	162	0.0	78397	6.96	0.0	
ENDTRNS	
TRNS	INVOICE	02/03/2021	Truck: 1904	Accounts Receivable	162	0	78398	
SPL	INVOICE	02/03/2021	H-2	Sales Income	162	0.0	78398	1.69	0.0	
ENDTRNS	
TRNS	INVOICE	02/03/2021	Truck: 1906	Accounts Receivable	162	0	78399	
SPL	INVOICE	02/03/2021	H-2	Sales Income	162	0.0	78399	7.51	0.0	
ENDTRNS	
TRNS	INVOICE	02/03/2021	Truck: 1903	Accounts Receivable	162	0	78400	
SPL	INVOICE	02/03/2021	H-2	Sales Income	162	0.0	78400	8.38	0.0	
ENDTRNS	
TRNS	INVOICE	02/03/2021	Truck: 1134	Accounts Receivable	173	0	78401	
SPL	INVOICE	02/03/2021	H-3	Sales Income	173	0.0	78401	25.92	0.0	
ENDTRNS	
TRNS	INVOICE	02/03/2021	Truck: 154	Accounts Receivable	154	0	78402	
SPL	INVOICE	02/03/2021	I-2	Sales Income	154	0.0	78402	0.31	0.0	
ENDTRNS	
TRNS	INVOICE	02/03/2021	Truck: 1542	Accounts Receivable	154	0	78403	
SPL	INVOICE	02/03/2021	I-2	Sales Income	154	0.0	78403	0.1	0.0	
ENDTRNS	
TRNS	INVOICE	02/03/2021	Truck: 154	Accounts Receivable	154	0	78404	
SPL	INVOICE	02/03/2021	I-2	Sales Income	154	0.0	78404	0.07	0.0	
ENDTRNS	
TRNS	INVOICE	02/03/2021	Truck: 1546	Accounts Receivable	154	0	78405	
SPL	INVOICE	02/03/2021	I-2	Sales Income	154	0.0	78405	0.11	0.0	
ENDTRNS	
TRNS	INVOICE	02/03/2021	Truck: 62808	Accounts Receivable	154	0	78406	
SPL	INVOICE	02/03/2021	H2	Sales Income	154	0.0	78406	0.26	0.0	
ENDTRNS	
TRNS	INVOICE	02/03/2021	Truck: l154	Accounts Receivable	154	0	78407	
SPL	INVOICE	02/03/2021	I-2	Sales Income	154	0.0	78407	0.31	0.0	
ENDTRNS	
TRNS	INVOICE	02/03/2021	Truck: 1546	Accounts Receivable	154	0	78408	
SPL	INVOICE	02/03/2021	H2	Sales Income	154	0.0	78408	0.65	0.0	
ENDTRNS	
TRNS	INVOICE	02/04/2021	Truck: 1001JCGCOM	Accounts Receivable	240	160.4	78409	
SPL	INVOICE	02/04/2021	H1	Sales Income	240	-160.4	78409	3.5175	45.6	
ENDTRNS	
TRNS	INVOICE	02/04/2021	Truck: 1134	Accounts Receivable	173	0	78410	
SPL	INVOICE	02/04/2021	H-3	Sales Income	173	0.0	78410	28.34	0.0	
ENDTRNS	
TRNS	INVOICE	02/04/2021	Truck: 182	Accounts Receivable	182	49.7	78411	
SPL	INVOICE	02/04/2021	DC	Sales Income	182	-49.7	78411	1.09	45.6	
ENDTRNS	
TRNS	INVOICE	02/04/2021	Truck: 182	Accounts Receivable	154	0	78412	
SPL	INVOICE	02/04/2021	H2	Sales Income	154	0.0	78412	0.09	0.0	
ENDTRNS	
TRNS	INVOICE	02/04/2021	Truck: Co H 3	Accounts Receivable	154	0	78413	
SPL	INVOICE	02/04/2021	H-2	Sales Income	154	0.0	78413	0.22	0.0	
ENDTRNS	
TRNS	INVOICE	02/04/2021	Truck: SHILOH	Accounts Receivable	154	0	78414	
SPL	INVOICE	02/04/2021	I-2	Sales Income	154	0.0	78414	2.25	0.0	
ENDTRNS	
TRNS	INVOICE	02/04/2021	Truck: 154	Accounts Receivable	154	0	78415	
SPL	INVOICE	02/04/2021	H-2	Sales Income	154	0.0	78415	0.07	0.0	
ENDTRNS	
TRNS	INVOICE	02/04/2021	Truck: 154	Accounts Receivable	154	0	78416	
SPL	INVOICE	02/04/2021	H-2	Sales Income	154	0.0	78416	0.14	0.0	
ENDTRNS	
TRNS	INVOICE	02/04/2021	Truck: 154	Accounts Receivable	154	0	78417	
SPL	INVOICE	02/04/2021	H-2	Sales Income	154	0.0	78417	0.06	0.0	
ENDTRNS	
TRNS	INVOICE	02/04/2021	Truck: 1921-C	Accounts Receivable	162	0	78418	
SPL	INVOICE	02/04/2021	H-2	Sales Income	162	0.0	78418	7.34	0.0	
ENDTRNS	
TRNS	INVOICE	02/04/2021	Truck: 182	Accounts Receivable	182	15.5	78419	
SPL	INVOICE	02/04/2021	DC	Sales Income	182	-15.5	78419	0.34	45.59	
ENDTRNS	
TRNS	INVOICE	02/04/2021	Truck: CoH2	Accounts Receivable	154	0	78420	
SPL	INVOICE	02/04/2021	H-2	Sales Income	154	0.0	78420	0.1	0.0	
ENDTRNS	
TRNS	INVOICE	02/04/2021	Truck: moss	Accounts Receivable	182	12.78	78421	
SPL	INVOICE	02/04/2021	I-1	Sales Income	182	-12.78	78421	0.71	18.0	
ENDTRNS	
TRNS	INVOICE	02/04/2021	Truck: 154	Accounts Receivable	154	0	78422	
SPL	INVOICE	02/04/2021	H-2	Sales Income	154	0.0	78422	0.15	0.0	
ENDTRNS	
TRNS	INVOICE	02/04/2021	Truck: 154	Accounts Receivable	154	0	78423	
SPL	INVOICE	02/04/2021	I-2	Sales Income	154	0.0	78423	1.82	0.0	
ENDTRNS	
TRNS	INVOICE	02/04/2021	Truck: 154	Accounts Receivable	154	0	78424	
SPL	INVOICE	02/04/2021	I-2	Sales Income	154	0.0	78424	0.19	0.0	
ENDTRNS	
TRNS	INVOICE	02/04/2021	Truck: 182	Accounts Receivable	204	36.54	78425	
SPL	INVOICE	02/04/2021	I-1	Sales Income	204	-36.54	78425	2.03	18.0	
ENDTRNS	
TRNS	INVOICE	02/04/2021	Truck: 1542	Accounts Receivable	154	0	78426	
SPL	INVOICE	02/04/2021	H2	Sales Income	154	0.0	78426	0.11	0.0	
ENDTRNS	
TRNS	INVOICE	02/04/2021	Truck: 1547	Accounts Receivable	154	0	78427	
SPL	INVOICE	02/04/2021	I-2	Sales Income	154	0.0	78427	0.33	0.0	
ENDTRNS	
TRNS	INVOICE	02/04/2021	Truck: 1906	Accounts Receivable	162	0	78428	
SPL	INVOICE	02/04/2021	H-2	Sales Income	162	0.0	78428	5.95	0.0	
ENDTRNS	
TRNS	INVOICE	02/04/2021	Truck: 182	Accounts Receivable	182	38.3	78429	
SPL	INVOICE	02/04/2021	DC	Sales Income	182	-38.3	78429	0.84	45.6	
ENDTRNS	
TRNS	INVOICE	02/04/2021	Truck: 1921-C	Accounts Receivable	162	0	78430	
SPL	INVOICE	02/04/2021	H-2	Sales Income	162	0.0	78430	7.39	0.0	
ENDTRNS	
TRNS	INVOICE	02/04/2021	Truck: 1923	Accounts Receivable	162	0	78431	
SPL	INVOICE	02/04/2021	H-2	Sales Income	162	0.0	78431	6.73	0.0	
ENDTRNS	
TRNS	INVOICE	02/04/2021	Truck: 1904	Accounts Receivable	162	0	78432	
SPL	INVOICE	02/04/2021	H-2	Sales Income	162	0.0	78432	6.22	0.0	
ENDTRNS	
TRNS	INVOICE	02/04/2021	Truck: 1 2 3	Accounts Receivable	154	0	78433	
SPL	INVOICE	02/04/2021	H-2	Sales Income	154	0.0	78433	1.43	0.0	
ENDTRNS	
TRNS	INVOICE	02/04/2021	Truck: 354	Accounts Receivable	154	0	78434	
SPL	INVOICE	02/04/2021	H2	Sales Income	154	0.0	78434	0.29	0.0	
ENDTRNS	
TRNS	INVOICE	02/04/2021	Truck: 154	Accounts Receivable	154	0	78435	
SPL	INVOICE	02/04/2021	H-2	Sales Income	154	0.0	78435	0.39	0.0	
ENDTRNS	
TRNS	INVOICE	02/04/2021	Truck: 1921-O	Accounts Receivable	162	0	78436	
SPL	INVOICE	02/04/2021	H-2	Sales Income	162	0.0	78436	1.67	0.0	
ENDTRNS	
TRNS	INVOICE	02/04/2021	Truck: 1543	Accounts Receivable	154	0	78437	
SPL	INVOICE	02/04/2021	H2	Sales Income	154	0.0	78437	0.26	0.0	
ENDTRNS	
TRNS	INVOICE	02/04/2021	Truck: 1903	Accounts Receivable	162	0	78438	
SPL	INVOICE	02/04/2021	H-2	Sales Income	162	0.0	78438	6.72	0.0	
ENDTRNS	
TRNS	INVOICE	02/04/2021	Truck: Renee 2	Accounts Receivable	194	13.68	78439	
SPL	INVOICE	02/04/2021	H1	Sales Income	194	-13.68	78439	0.3	45.6	
ENDTRNS	
TRNS	INVOICE	02/04/2021	Truck: 154	Accounts Receivable	154	0	78440	
SPL	INVOICE	02/04/2021	I-2	Sales Income	154	0.0	78440	0.3	0.0	
ENDTRNS	
TRNS	INVOICE	02/04/2021	Truck: 182	Accounts Receivable	182	0	78441	
SPL	INVOICE	02/04/2021	H2	Sales Income	182	0.0	78441	4.64	0.0	
ENDTRNS	
TRNS	INVOICE	02/04/2021	Truck: 1907	Accounts Receivable	162	0	78442	
SPL	INVOICE	02/04/2021	H-2	Sales Income	162	0.0	78442	6.14	0.0	
ENDTRNS	
TRNS	INVOICE	02/04/2021	Truck: 1547	Accounts Receivable	154	0	78443	
SPL	INVOICE	02/04/2021	H2	Sales Income	154	0.0	78443	0.13	0.0	
ENDTRNS	
TRNS	INVOICE	02/04/2021	Truck: 268	Accounts Receivable	154	0	78444	
SPL	INVOICE	02/04/2021	H2	Sales Income	154	0.0	78444	0.02	0.0	
ENDTRNS	
TRNS	INVOICE	02/04/2021	Truck: 1134	Accounts Receivable	173	0	78445	
SPL	INVOICE	02/04/2021	H-3	Sales Income	173	0.0	78445	21.96	0.0	
ENDTRNS	
TRNS	INVOICE	02/04/2021	Truck: todd	Accounts Receivable	154	0	78446	
SPL	INVOICE	02/04/2021	H2	Sales Income	154	0.0	78446	0.09	0.0	
ENDTRNS	
TRNS	INVOICE	02/04/2021	Truck: 154	Accounts Receivable	154	0	78447	
SPL	INVOICE	02/04/2021	I-2	Sales Income	154	0.0	78447	0.39	0.0	
ENDTRNS	
TRNS	INVOICE	02/04/2021	Truck: 1543	Accounts Receivable	154	0	78448	
SPL	INVOICE	02/04/2021	H2	Sales Income	154	0.0	78448	0.01	0.0	
ENDTRNS	
TRNS	INVOICE	02/04/2021	Truck: 1547	Accounts Receivable	154	0	78449	
SPL	INVOICE	02/04/2021	I-2	Sales Income	154	0.0	78449	1.07	0.0	
ENDTRNS	
TRNS	INVOICE	02/04/2021	Truck: 910154	Accounts Receivable	154	0	78450	
SPL	INVOICE	02/04/2021	H2	Sales Income	154	0.0	78450	0.1	0.0	
ENDTRNS	
TRNS	INVOICE	02/04/2021	Truck: 158	Accounts Receivable	154	0	78451	
SPL	INVOICE	02/04/2021	H2	Sales Income	154	0.0	78451	0.3	0.0	
ENDTRNS	
TRNS	INVOICE	02/04/2021	Truck: 182	Accounts Receivable	182	8.21	78452	
SPL	INVOICE	02/04/2021	DC	Sales Income	182	-8.21	78452	0.18	45.61	
ENDTRNS	
TRNS	INVOICE	02/05/2021	Truck: 1001calcom	Accounts Receivable	240	121.3	78453	
SPL	INVOICE	02/05/2021	H1	Sales Income	240	-121.3	78453	2.66	45.6	
ENDTRNS	
TRNS	INVOICE	02/05/2021	Truck: bradshaw	Accounts Receivable	182	169.18	78454	
SPL	INVOICE	02/05/2021	DC	Sales Income	182	-169.18	78454	3.71	45.6	
ENDTRNS	
TRNS	INVOICE	02/05/2021	Truck: 1134	Accounts Receivable	173	0	78455	
SPL	INVOICE	02/05/2021	H-3	Sales Income	173	0.0	78455	26.14	0.0	
ENDTRNS	
TRNS	INVOICE	02/05/2021	Truck: 1921-O	Accounts Receivable	162	0	78456	
SPL	INVOICE	02/05/2021	H-2	Sales Income	162	0.0	78456	1.87	0.0	
ENDTRNS	
TRNS	INVOICE	02/05/2021	Truck: 154	Accounts Receivable	154	0	78457	
SPL	INVOICE	02/05/2021	I-2	Sales Income	154	0.0	78457	0.16	0.0	
ENDTRNS	
TRNS	INVOICE	02/05/2021	Truck: 1542	Accounts Receivable	154	0	78458	
SPL	INVOICE	02/05/2021	H2	Sales Income	154	0.0	78458	0.11	0.0	
ENDTRNS	
TRNS	INVOICE	02/05/2021	Truck: CoH2	Accounts Receivable	154	0	78459	
SPL	INVOICE	02/05/2021	H-2	Sales Income	154	0.0	78459	1.14	0.0	
ENDTRNS	
TRNS	INVOICE	02/05/2021	Truck: 154	Accounts Receivable	154	0	78460	
SPL	INVOICE	02/05/2021	H-2	Sales Income	154	0.0	78460	0.09	0.0	
ENDTRNS	
TRNS	INVOICE	02/05/2021	Truck: 182ram	Accounts Receivable	154	0	78461	
SPL	INVOICE	02/05/2021	H2	Sales Income	154	0.0	78461	0.09	0.0	
ENDTRNS	
TRNS	INVOICE	02/05/2021	Truck: 154	Accounts Receivable	154	0	78462	
SPL	INVOICE	02/05/2021	I-2	Sales Income	154	0.0	78462	0.94	0.0	
ENDTRNS	
TRNS	INVOICE	02/05/2021	Truck: 245	Accounts Receivable	154	0	78463	
SPL	INVOICE	02/05/2021	H2	Sales Income	154	0.0	78463	0.29	0.0	
ENDTRNS	
TRNS	INVOICE	02/05/2021	Truck: 1134	Accounts Receivable	173	0	78464	
SPL	INVOICE	02/05/2021	H-3	Sales Income	173	0.0	78464	21.01	0.0	
ENDTRNS	
TRNS	INVOICE	02/05/2021	Truck: Co H 3	Accounts Receivable	154	0	78465	
SPL	INVOICE	02/05/2021	H-2	Sales Income	154	0.0	78465	0.24	0.0	
ENDTRNS	
TRNS	INVOICE	02/05/2021	Truck: 154	Accounts Receivable	154	0	78466	
SPL	INVOICE	02/05/2021	I-2	Sales Income	154	0.0	78466	0.39	0.0	
ENDTRNS	
TRNS	INVOICE	02/05/2021	Truck: 1904	Accounts Receivable	162	0	78467	
SPL	INVOICE	02/05/2021	H-2	Sales Income	162	0.0	78467	6.94	0.0	
ENDTRNS	
TRNS	INVOICE	02/05/2021	Truck: 182	Accounts Receivable	182	14.04	78468	
SPL	INVOICE	02/05/2021	I-1	Sales Income	182	-14.04	78468	0.78	18.0	
ENDTRNS	
TRNS	INVOICE	02/05/2021	Truck: Raymond	Accounts Receivable	182	232.56	78469	
SPL	INVOICE	02/05/2021	DC	Sales Income	182	-232.56	78469	5.1	45.6	
ENDTRNS	
TRNS	INVOICE	02/05/2021	Truck: 581	Accounts Receivable	154	0	78470	
SPL	INVOICE	02/05/2021	I-2	Sales Income	154	0.0	78470	0.29	0.0	
ENDTRNS	
TRNS	INVOICE	02/05/2021	Truck: 1920	Accounts Receivable	162	0	78471	
SPL	INVOICE	02/05/2021	H-2	Sales Income	162	0.0	78471	6.08	0.0	
ENDTRNS	
TRNS	INVOICE	02/05/2021	Truck: 1903	Accounts Receivable	162	0	78472	
SPL	INVOICE	02/05/2021	H-2	Sales Income	162	0.0	78472	6.52	0.0	
ENDTRNS	
TRNS	INVOICE	02/05/2021	Truck: 1923	Accounts Receivable	162	0	78473	
SPL	INVOICE	02/05/2021	H-2	Sales Income	162	0.0	78473	8.49	0.0	
ENDTRNS	
TRNS	INVOICE	02/05/2021	Truck: 238	Accounts Receivable	238	46.06	78474	
SPL	INVOICE	02/05/2021	DC	Sales Income	238	-46.06	78474	1.01	45.6	
ENDTRNS	
TRNS	INVOICE	02/05/2021	Truck: 154	Accounts Receivable	154	0	78475	
SPL	INVOICE	02/05/2021	H-2	Sales Income	154	0.0	78475	0.23	0.0	
ENDTRNS	
TRNS	INVOICE	02/05/2021	Truck: Renee 2	Accounts Receivable	194	10.94	78476	
SPL	INVOICE	02/05/2021	H1	Sales Income	194	-10.94	78476	0.24	45.58	
ENDTRNS	
TRNS	INVOICE	02/05/2021	Truck: 1921-O	Accounts Receivable	162	0	78477	
SPL	INVOICE	02/05/2021	H-2	Sales Income	162	0.0	78477	2.07	0.0	
ENDTRNS	
TRNS	INVOICE	02/05/2021	Truck: 405-1489	Accounts Receivable	150	0	78478	
SPL	INVOICE	02/05/2021	I-2	Sales Income	150	0.0	78478	1.65	0.0	
ENDTRNS	
TRNS	INVOICE	02/05/2021	Truck: 6955	Accounts Receivable	154	0	78479	
SPL	INVOICE	02/05/2021	I-2	Sales Income	154	0.0	78479	0.32	0.0	
ENDTRNS	
TRNS	INVOICE	02/05/2021	Truck: 154red	Accounts Receivable	154	0	78480	
SPL	INVOICE	02/05/2021	H2	Sales Income	154	0.0	78480	0.12	0.0	
ENDTRNS	
TRNS	INVOICE	02/05/2021	Truck: 154	Accounts Receivable	154	0	78481	
SPL	INVOICE	02/05/2021	W-1 (White Goods )	Sales Income	154	0.0	78481	0.15	0.0	
ENDTRNS	
TRNS	INVOICE	02/05/2021	Truck: 182	Accounts Receivable	182	5.47	78482	
SPL	INVOICE	02/05/2021	DC	Sales Income	182	-5.47	78482	0.12	45.58	
ENDTRNS	
TRNS	INVOICE	02/05/2021	Truck: 1906	Accounts Receivable	162	0	78483	
SPL	INVOICE	02/05/2021	H-2	Sales Income	162	0.0	78483	15.32	0.0	
ENDTRNS	
TRNS	INVOICE	02/05/2021	Truck: CoH2	Accounts Receivable	154	0	78484	
SPL	INVOICE	02/05/2021	I-2	Sales Income	154	0.0	78484	1.9	0.0	
ENDTRNS	
TRNS	INVOICE	02/05/2021	Truck: 802	Accounts Receivable	154	0	78485	
SPL	INVOICE	02/05/2021	I-2	Sales Income	154	0.0	78485	0.39	0.0	
ENDTRNS	
TRNS	INVOICE	02/05/2021	Truck: 1543	Accounts Receivable	154	0	78486	
SPL	INVOICE	02/05/2021	I-2	Sales Income	154	0.0	78486	1.02	0.0	
ENDTRNS	
TRNS	INVOICE	02/05/2021	Truck: 154silve	Accounts Receivable	154	0	78487	
SPL	INVOICE	02/05/2021	I-2	Sales Income	154	0.0	78487	0.18	0.0	
ENDTRNS	
TRNS	INVOICE	02/05/2021	Truck: 154	Accounts Receivable	154	0	78488	
SPL	INVOICE	02/05/2021	H-2	Sales Income	154	0.0	78488	0.18	0.0	
ENDTRNS	
TRNS	INVOICE	02/05/2021	Truck: CoH2	Accounts Receivable	154	0	78489	
SPL	INVOICE	02/05/2021	I-2	Sales Income	154	0.0	78489	2.13	0.0	
ENDTRNS	
TRNS	INVOICE	02/06/2021	Truck: 154	Accounts Receivable	154	0	78490	
SPL	INVOICE	02/06/2021	I-2	Sales Income	154	0.0	78490	0.08	0.0	
ENDTRNS	
TRNS	INVOICE	02/06/2021	Truck: 182	Accounts Receivable	154	0	78491	
SPL	INVOICE	02/06/2021	H2	Sales Income	154	0.0	78491	0.5	0.0	
ENDTRNS	
TRNS	INVOICE	02/06/2021	Truck: 1542	Accounts Receivable	154	0	78492	
SPL	INVOICE	02/06/2021	I-2	Sales Income	154	0.0	78492	0.53	0.0	
ENDTRNS	
TRNS	INVOICE	02/06/2021	Truck: 1542	Accounts Receivable	154	0	78493	
SPL	INVOICE	02/06/2021	H2	Sales Income	154	0.0	78493	0.16	0.0	
ENDTRNS	
TRNS	INVOICE	02/06/2021	Truck: jeep	Accounts Receivable	154	0	78494	
SPL	INVOICE	02/06/2021	H2	Sales Income	154	0.0	78494	0.07	0.0	
ENDTRNS	
TRNS	INVOICE	02/06/2021	Truck: 1544	Accounts Receivable	154	0	78495	
SPL	INVOICE	02/06/2021	H2	Sales Income	154	0.0	78495	0.31	0.0	
ENDTRNS	
TRNS	INVOICE	02/06/2021	Truck: 43154	Accounts Receivable	154	0	78496	
SPL	INVOICE	02/06/2021	H2	Sales Income	154	0.0	78496	0.47	0.0	
ENDTRNS	
TRNS	INVOICE	02/06/2021	Truck: 154	Accounts Receivable	154	0	78497	
SPL	INVOICE	02/06/2021	H-2	Sales Income	154	0.0	78497	0.08	0.0	
ENDTRNS	
TRNS	INVOICE	02/06/2021	Truck: 154ram	Accounts Receivable	154	0	78498	
SPL	INVOICE	02/06/2021	I-2	Sales Income	154	0.0	78498	2.47	0.0	
ENDTRNS	
TRNS	INVOICE	02/06/2021	Truck: 154	Accounts Receivable	154	0	78499	
SPL	INVOICE	02/06/2021	H-2	Sales Income	154	0.0	78499	1.23	0.0	
ENDTRNS	
TRNS	INVOICE	02/06/2021	Truck: 182	Accounts Receivable	182	0	78500	
SPL	INVOICE	02/06/2021	I-3	Sales Income	182	0.0	78500	0.39	0.0	
ENDTRNS	
TRNS	INVOICE	02/06/2021	Truck: 1543	Accounts Receivable	154	0	78501	
SPL	INVOICE	02/06/2021	I-2	Sales Income	154	0.0	78501	0.53	0.0	
ENDTRNS	
TRNS	INVOICE	02/06/2021	Truck: 1547	Accounts Receivable	154	0	78502	
SPL	INVOICE	02/06/2021	I-2	Sales Income	154	0.0	78502	0.97	0.0	
ENDTRNS	
TRNS	INVOICE	02/06/2021	Truck: 154navy	Accounts Receivable	154	0	78503	
SPL	INVOICE	02/06/2021	I-2	Sales Income	154	0.0	78503	0.2	0.0	
ENDTRNS	
TRNS	INVOICE	02/06/2021	Truck: 137	Accounts Receivable	154	0	78504	
SPL	INVOICE	02/06/2021	H2	Sales Income	154	0.0	78504	0.29	0.0	
ENDTRNS	
TRNS	INVOICE	02/06/2021	Truck: 1548	Accounts Receivable	154	0	78505	
SPL	INVOICE	02/06/2021	H2	Sales Income	154	0.0	78505	0.08	0.0	
ENDTRNS	
TRNS	INVOICE	02/06/2021	Truck: 247182	Accounts Receivable	154	5.02	78506	
SPL	INVOICE	02/06/2021	DC	Sales Income	154	-5.02	78506	0.11	45.64	
ENDTRNS	
TRNS	INVOICE	02/06/2021	Truck: 154toy	Accounts Receivable	154	0	78507	
SPL	INVOICE	02/06/2021	H2	Sales Income	154	0.0	78507	0.07	0.0	
ENDTRNS	
TRNS	INVOICE	02/06/2021	Truck: 154	Accounts Receivable	154	0	78508	
SPL	INVOICE	02/06/2021	I-2	Sales Income	154	0.0	78508	0.32	0.0	
ENDTRNS	
TRNS	INVOICE	02/06/2021	Truck: 154ram	Accounts Receivable	154	0	78509	
SPL	INVOICE	02/06/2021	I-2	Sales Income	154	0.0	78509	0.12	0.0	
ENDTRNS	
TRNS	INVOICE	02/06/2021	Truck: 1823	Accounts Receivable	182	0	78510	
SPL	INVOICE	02/06/2021	H2	Sales Income	182	0.0	78510	0.17	0.0	
ENDTRNS	
TRNS	INVOICE	02/06/2021	Truck: 154nissan	Accounts Receivable	154	0	78511	
SPL	INVOICE	02/06/2021	H2	Sales Income	154	0.0	78511	0.15	0.0	
ENDTRNS	
TRNS	INVOICE	02/06/2021	Truck: 154junk	Accounts Receivable	154	0	78512	
SPL	INVOICE	02/06/2021	H2	Sales Income	154	0.0	78512	0.2	0.0	
ENDTRNS	
TRNS	INVOICE	02/06/2021	Truck: titan	Accounts Receivable	154	0	78513	
SPL	INVOICE	02/06/2021	I-2	Sales Income	154	0.0	78513	1.37	0.0	
ENDTRNS	
TRNS	INVOICE	02/06/2021	Truck: 154silver	Accounts Receivable	154	0	78514	
SPL	INVOICE	02/06/2021	I-2	Sales Income	154	0.0	78514	0.61	0.0	
ENDTRNS	
TRNS	INVOICE	02/06/2021	Truck: 154	Accounts Receivable	154	0	78515	
SPL	INVOICE	02/06/2021	H-2	Sales Income	154	0.0	78515	0.31	0.0	
ENDTRNS	
TRNS	INVOICE	02/06/2021	Truck: 154red	Accounts Receivable	154	0	78516	
SPL	INVOICE	02/06/2021	H2	Sales Income	154	0.0	78516	0.06	0.0	
ENDTRNS	
TRNS	INVOICE	02/06/2021	Truck: 2227154	Accounts Receivable	154	0	78517	
SPL	INVOICE	02/06/2021	H2	Sales Income	154	0.0	78517	0.21	0.0	
ENDTRNS	
TRNS	INVOICE	02/06/2021	Truck: Ray182	Accounts Receivable	182	109.44	78518	
SPL	INVOICE	02/06/2021	DC	Sales Income	182	-109.44	78518	2.4	45.6	
ENDTRNS	
TRNS	INVOICE	02/06/2021	Truck: 1545	Accounts Receivable	154	0	78519	
SPL	INVOICE	02/06/2021	H2	Sales Income	154	0.0	78519	0.57	0.0	
ENDTRNS	
TRNS	INVOICE	02/06/2021	Truck: 1547	Accounts Receivable	154	0	78520	
SPL	INVOICE	02/06/2021	H2	Sales Income	154	0.0	78520	0.36	0.0	
ENDTRNS	
TRNS	INVOICE	02/06/2021	Truck: 154silver	Accounts Receivable	154	0	78521	
SPL	INVOICE	02/06/2021	H2	Sales Income	154	0.0	78521	0.37	0.0	
ENDTRNS	
TRNS	INVOICE	02/06/2021	Truck: 154dog	Accounts Receivable	154	0	78522	
SPL	INVOICE	02/06/2021	H2	Sales Income	154	0.0	78522	0.06	0.0	
ENDTRNS	
TRNS	INVOICE	02/06/2021	Truck: 182whit	Accounts Receivable	182	0	78523	
SPL	INVOICE	02/06/2021	H2	Sales Income	182	0.0	78523	0.16	0.0	
ENDTRNS	
TRNS	INVOICE	02/06/2021	Truck: 1822	Accounts Receivable	182	6.84	78524	
SPL	INVOICE	02/06/2021	DC	Sales Income	182	-6.84	78524	0.15	45.6	
ENDTRNS	
TRNS	INVOICE	02/06/2021	Truck: 182red	Accounts Receivable	182	14.59	78525	
SPL	INVOICE	02/06/2021	DC	Sales Income	182	-14.59	78525	0.32	45.59	
ENDTRNS	
TRNS	INVOICE	02/06/2021	Truck: 182red	Accounts Receivable	154	9.58	78526	
SPL	INVOICE	02/06/2021	H1	Sales Income	154	-9.58	78526	0.21	45.62	
ENDTRNS	
TRNS	INVOICE	02/06/2021	Truck: 154ramblk	Accounts Receivable	154	0	78527	
SPL	INVOICE	02/06/2021	H2	Sales Income	154	0.0	78527	0.15	0.0	
ENDTRNS	
TRNS	INVOICE	02/06/2021	Truck: 154	Accounts Receivable	154	0	78528	
SPL	INVOICE	02/06/2021	H-2	Sales Income	154	0.0	78528	0.1	0.0	
ENDTRNS	
TRNS	INVOICE	02/06/2021	Truck: 154grey	Accounts Receivable	154	0	78529	
SPL	INVOICE	02/06/2021	I-2	Sales Income	154	0.0	78529	0.72	0.0	
ENDTRNS	
TRNS	INVOICE	02/06/2021	Truck: 154	Accounts Receivable	154	0	78530	
SPL	INVOICE	02/06/2021	H-2	Sales Income	154	0.0	78530	0.14	0.0	
ENDTRNS	
TRNS	INVOICE	02/06/2021	Truck: 154red	Accounts Receivable	154	0	78531	
SPL	INVOICE	02/06/2021	H2	Sales Income	154	0.0	78531	0.05	0.0	
ENDTRNS	
TRNS	INVOICE	02/06/2021	Truck: Car	Accounts Receivable	154	0	78532	
SPL	INVOICE	02/06/2021	H2	Sales Income	154	0.0	78532	0.05	0.0	
ENDTRNS	
TRNS	INVOICE	02/06/2021	Truck: 182	Accounts Receivable	182	63.38	78533	
SPL	INVOICE	02/06/2021	DC	Sales Income	182	-63.38	78533	1.39	45.6	
ENDTRNS	
TRNS	INVOICE	02/06/2021	Truck: 154bull	Accounts Receivable	154	0	78534	
SPL	INVOICE	02/06/2021	H2	Sales Income	154	0.0	78534	0.1	0.0	
ENDTRNS	
TRNS	INVOICE	02/06/2021	Truck: 1543	Accounts Receivable	154	0	78535	
SPL	INVOICE	02/06/2021	H2	Sales Income	154	0.0	78535	0.14	0.0	
ENDTRNS	
TRNS	INVOICE	02/06/2021	Truck: 154	Accounts Receivable	154	0	78536	
SPL	INVOICE	02/06/2021	I-2	Sales Income	154	0.0	78536	0.65	0.0	
ENDTRNS	
TRNS	INVOICE	02/06/2021	Truck: 154matt	Accounts Receivable	154	0	78537	
SPL	INVOICE	02/06/2021	H2	Sales Income	154	0.0	78537	0.22	0.0	
ENDTRNS	
TRNS	INVOICE	02/06/2021	Truck: 154man	Accounts Receivable	154	0	78538	
SPL	INVOICE	02/06/2021	H2	Sales Income	154	0.0	78538	0.3	0.0	
ENDTRNS	
TRNS	INVOICE	02/06/2021	Truck: 154	Accounts Receivable	154	0	78539	
SPL	INVOICE	02/06/2021	H-2	Sales Income	154	0.0	78539	0.13	0.0	
ENDTRNS	
TRNS	INVOICE	02/08/2021	Truck: 1001JCGCOM	Accounts Receivable	240	212.84	78540	
SPL	INVOICE	02/08/2021	H1	Sales Income	240	-212.84	78540	4.6675	45.6	
ENDTRNS	
TRNS	INVOICE	02/08/2021	Truck: 1921-I	Accounts Receivable	162	0	78541	
SPL	INVOICE	02/08/2021	H2	Sales Income	162	0.0	78541	1.3	0.0	
ENDTRNS	
TRNS	INVOICE	02/08/2021	Truck: 154	Accounts Receivable	154	0	78542	
SPL	INVOICE	02/08/2021	H-2	Sales Income	154	0.0	78542	0.35	0.0	
ENDTRNS	
TRNS	INVOICE	02/08/2021	Truck: 154	Accounts Receivable	154	0	78543	
SPL	INVOICE	02/08/2021	H-2	Sales Income	154	0.0	78543	0.7	0.0	
ENDTRNS	
TRNS	INVOICE	02/08/2021	Truck: CoH2	Accounts Receivable	154	0	78544	
SPL	INVOICE	02/08/2021	I-2	Sales Income	154	0.0	78544	0.62	0.0	
ENDTRNS	
TRNS	INVOICE	02/08/2021	Truck: 1921-O	Accounts Receivable	162	0	78545	
SPL	INVOICE	02/08/2021	H-2	Sales Income	162	0.0	78545	2.18	0.0	
ENDTRNS	
TRNS	INVOICE	02/08/2021	Truck: 154	Accounts Receivable	154	0	78546	
SPL	INVOICE	02/08/2021	H-2	Sales Income	154	0.0	78546	0.07	0.0	
ENDTRNS	
TRNS	INVOICE	02/08/2021	Truck: 154blk	Accounts Receivable	154	0	78547	
SPL	INVOICE	02/08/2021	H2	Sales Income	154	0.0	78547	0.14	0.0	
ENDTRNS	
TRNS	INVOICE	02/08/2021	Truck: 154ex	Accounts Receivable	154	0	78548	
SPL	INVOICE	02/08/2021	I-2	Sales Income	154	0.0	78548	0.22	0.0	
ENDTRNS	
TRNS	INVOICE	02/08/2021	Truck: 154	Accounts Receivable	236	0	78549	
SPL	INVOICE	02/08/2021	H2	Sales Income	236	0.0	78549	0.68	0.0	
ENDTRNS	
TRNS	INVOICE	02/08/2021	Truck: 154ford	Accounts Receivable	154	0	78550	
SPL	INVOICE	02/08/2021	H2	Sales Income	154	0.0	78550	0.39	0.0	
ENDTRNS	
TRNS	INVOICE	02/08/2021	Truck: 1921-C	Accounts Receivable	162	0	78551	
SPL	INVOICE	02/08/2021	H-2	Sales Income	162	0.0	78551	9.85	0.0	
ENDTRNS	
TRNS	INVOICE	02/08/2021	Truck: 154	Accounts Receivable	154	0	78552	
SPL	INVOICE	02/08/2021	H-2	Sales Income	154	0.0	78552	0.09	0.0	
ENDTRNS	
TRNS	INVOICE	02/08/2021	Truck: 182bsil	Accounts Receivable	182	3.19	78553	
SPL	INVOICE	02/08/2021	DC	Sales Income	182	-3.19	78553	0.07	45.57	
ENDTRNS	
TRNS	INVOICE	02/08/2021	Truck: 154vly	Accounts Receivable	154	0	78554	
SPL	INVOICE	02/08/2021	H2	Sales Income	154	0.0	78554	0.17	0.0	
ENDTRNS	
TRNS	INVOICE	02/08/2021	Truck: 1904	Accounts Receivable	162	0	78555	
SPL	INVOICE	02/08/2021	H-2	Sales Income	162	0.0	78555	4.51	0.0	
ENDTRNS	
TRNS	INVOICE	02/08/2021	Truck: 154	Accounts Receivable	154	0	78556	
SPL	INVOICE	02/08/2021	H-2	Sales Income	154	0.0	78556	1.2	0.0	
ENDTRNS	
TRNS	INVOICE	02/08/2021	Truck: 154ul	Accounts Receivable	154	0	78557	
SPL	INVOICE	02/08/2021	H2	Sales Income	154	0.0	78557	0.11	0.0	
ENDTRNS	
TRNS	INVOICE	02/08/2021	Truck: 182davis	Accounts Receivable	182	32.38	78558	
SPL	INVOICE	02/08/2021	H1	Sales Income	182	-32.38	78558	0.71	45.61	
ENDTRNS	
TRNS	INVOICE	02/08/2021	Truck: 1921-O	Accounts Receivable	162	0	78559	
SPL	INVOICE	02/08/2021	H-2	Sales Income	162	0.0	78559	2.55	0.0	
ENDTRNS	
TRNS	INVOICE	02/08/2021	Truck: 154	Accounts Receivable	154	0	78560	
SPL	INVOICE	02/08/2021	H-2	Sales Income	154	0.0	78560	0.17	0.0	
ENDTRNS	
TRNS	INVOICE	02/08/2021	Truck: 182	Accounts Receivable	239	88.46	78561	
SPL	INVOICE	02/08/2021	DC	Sales Income	239	-88.46	78561	1.94	45.6	
ENDTRNS	
TRNS	INVOICE	02/08/2021	Truck: 154red	Accounts Receivable	154	0	78562	
SPL	INVOICE	02/08/2021	H2	Sales Income	154	0.0	78562	0.15	0.0	
ENDTRNS	
TRNS	INVOICE	02/08/2021	Truck: 154blk	Accounts Receivable	154	0	78563	
SPL	INVOICE	02/08/2021	I-2	Sales Income	154	0.0	78563	0.35	0.0	
ENDTRNS	
TRNS	INVOICE	02/08/2021	Truck: 182	Accounts Receivable	222	7.75	78564	
SPL	INVOICE	02/08/2021	AP 1	Sales Income	222	-7.75	78564	0.17	45.59	
ENDTRNS	
TRNS	INVOICE	02/08/2021	Truck: CoH2	Accounts Receivable	154	0	78565	
SPL	INVOICE	02/08/2021	I-2	Sales Income	154	0.0	78565	1.42	0.0	
ENDTRNS	
TRNS	INVOICE	02/08/2021	Truck: 154ram	Accounts Receivable	154	0	78566	
SPL	INVOICE	02/08/2021	H2	Sales Income	154	0.0	78566	0.18	0.0	
ENDTRNS	
TRNS	INVOICE	02/08/2021	Truck: 154	Accounts Receivable	236	0	78567	
SPL	INVOICE	02/08/2021	H-2	Sales Income	236	0.0	78567	0.42	0.0	
ENDTRNS	
TRNS	INVOICE	02/08/2021	Truck: 154maz	Accounts Receivable	154	0	78568	
SPL	INVOICE	02/08/2021	I-2	Sales Income	154	0.0	78568	0.3	0.0	
ENDTRNS	
TRNS	INVOICE	02/08/2021	Truck: 1921-O	Accounts Receivable	162	0	78569	
SPL	INVOICE	02/08/2021	H-2	Sales Income	162	0.0	78569	3.01	0.0	
ENDTRNS	
TRNS	INVOICE	02/08/2021	Truck: 1 2 3	Accounts Receivable	154	0	78570	
SPL	INVOICE	02/08/2021	H-2	Sales Income	154	0.0	78570	1.95	0.0	
ENDTRNS	
TRNS	INVOICE	02/08/2021	Truck: 182	Accounts Receivable	182	23.71	78571	
SPL	INVOICE	02/08/2021	DC	Sales Income	182	-23.71	78571	0.52	45.6	
ENDTRNS	
TRNS	INVOICE	02/08/2021	Truck: 154	Accounts Receivable	154	0	78572	
SPL	INVOICE	02/08/2021	H-2	Sales Income	154	0.0	78572	0.21	0.0	
ENDTRNS	
TRNS	INVOICE	02/08/2021	Truck: 182eatz	Accounts Receivable	182	43.32	78573	
SPL	INVOICE	02/08/2021	DC	Sales Income	182	-43.32	78573	0.95	45.6	
ENDTRNS	
TRNS	INVOICE	02/08/2021	Truck: 154red	Accounts Receivable	154	0	78574	
SPL	INVOICE	02/08/2021	H2	Sales Income	154	0.0	78574	0.45	0.0	
ENDTRNS	
TRNS	INVOICE	02/08/2021	Truck: 1923	Accounts Receivable	162	0	78575	
SPL	INVOICE	02/08/2021	H-2	Sales Income	162	0.0	78575	9.48	0.0	
ENDTRNS	
TRNS	INVOICE	02/08/2021	Truck: 1904	Accounts Receivable	162	0	78576	
SPL	INVOICE	02/08/2021	H-2	Sales Income	162	0.0	78576	5.07	0.0	
ENDTRNS	
TRNS	INVOICE	02/08/2021	Truck: 154	Accounts Receivable	154	0	78577	
SPL	INVOICE	02/08/2021	H-2	Sales Income	154	0.0	78577	0.08	0.0	
ENDTRNS	
TRNS	INVOICE	02/08/2021	Truck: 154blk	Accounts Receivable	154	0	78578	
SPL	INVOICE	02/08/2021	I-2	Sales Income	154	0.0	78578	0.18	0.0	
ENDTRNS	
TRNS	INVOICE	02/08/2021	Truck: Renee 2	Accounts Receivable	194	18.24	78579	
SPL	INVOICE	02/08/2021	H1	Sales Income	194	-18.24	78579	0.4	45.6	
ENDTRNS	
TRNS	INVOICE	02/08/2021	Truck: 1895	Accounts Receivable	173	0	78580	
SPL	INVOICE	02/08/2021	H-3	Sales Income	173	0.0	78580	22.78	0.0	
ENDTRNS	
TRNS	INVOICE	02/08/2021	Truck: 1907	Accounts Receivable	162	0	78581	
SPL	INVOICE	02/08/2021	H-2	Sales Income	162	0.0	78581	8.96	0.0	
ENDTRNS	
TRNS	INVOICE	02/08/2021	Truck: 182	Accounts Receivable	236	267.67	78582	
SPL	INVOICE	02/08/2021	DC	Sales Income	236	-267.67	78582	5.87	45.6	
ENDTRNS	
TRNS	INVOICE	02/08/2021	Truck: 154force	Accounts Receivable	154	0	78583	
SPL	INVOICE	02/08/2021	H2	Sales Income	154	0.0	78583	0.04	0.0	
ENDTRNS	
TRNS	INVOICE	02/08/2021	Truck: 154mac	Accounts Receivable	154	0	78584	
SPL	INVOICE	02/08/2021	H2	Sales Income	154	0.0	78584	0.58	0.0	
ENDTRNS	
TRNS	INVOICE	02/08/2021	Truck: 1903	Accounts Receivable	162	0	78585	
SPL	INVOICE	02/08/2021	H-2	Sales Income	162	0.0	78585	6.71	0.0	
ENDTRNS	
TRNS	INVOICE	02/08/2021	Truck: 182sturdi	Accounts Receivable	182	20.06	78586	
SPL	INVOICE	02/08/2021	DC	Sales Income	182	-20.06	78586	0.44	45.59	
ENDTRNS	
TRNS	INVOICE	02/08/2021	Truck: 154rf	Accounts Receivable	154	0	78587	
SPL	INVOICE	02/08/2021	H2	Sales Income	154	0.0	78587	0.11	0.0	
ENDTRNS	
TRNS	INVOICE	02/08/2021	Truck: 154bl	Accounts Receivable	154	0	78588	
SPL	INVOICE	02/08/2021	H2	Sales Income	154	0.0	78588	0.19	0.0	
ENDTRNS	
TRNS	INVOICE	02/08/2021	Truck: 1906	Accounts Receivable	162	0	78589	
SPL	INVOICE	02/08/2021	H-2	Sales Income	162	0.0	78589	9.04	0.0	
ENDTRNS	
TRNS	INVOICE	02/08/2021	Truck: 182dump	Accounts Receivable	182	30.55	78590	
SPL	INVOICE	02/08/2021	DC	Sales Income	182	-30.55	78590	0.67	45.6	
ENDTRNS	
TRNS	INVOICE	02/08/2021	Truck: 154dump	Accounts Receivable	154	0	78591	
SPL	INVOICE	02/08/2021	I-2	Sales Income	154	0.0	78591	3.92	0.0	
ENDTRNS	
TRNS	INVOICE	02/08/2021	Truck: 182van	Accounts Receivable	182	5.47	78592	
SPL	INVOICE	02/08/2021	DC	Sales Income	182	-5.47	78592	0.12	45.58	
ENDTRNS	
TRNS	INVOICE	02/08/2021	Truck: CoH2	Accounts Receivable	154	0	78593	
SPL	INVOICE	02/08/2021	I-2	Sales Income	154	0.0	78593	1.43	0.0	
ENDTRNS	
TRNS	INVOICE	02/08/2021	Truck: 154curry	Accounts Receivable	154	0	78594	
SPL	INVOICE	02/08/2021	H2	Sales Income	154	0.0	78594	0.02	0.0	
ENDTRNS	
TRNS	INVOICE	02/08/2021	Truck: 154ree	Accounts Receivable	154	0	78595	
SPL	INVOICE	02/08/2021	H2	Sales Income	154	0.0	78595	0.03	0.0	
ENDTRNS	
TRNS	INVOICE	02/08/2021	Truck: 154bonrs	Accounts Receivable	154	0	78596	
SPL	INVOICE	02/08/2021	I-2	Sales Income	154	0.0	78596	0.11	0.0	
ENDTRNS	
TRNS	INVOICE	02/08/2021	Truck: 182	Accounts Receivable	182	25.54	78597	
SPL	INVOICE	02/08/2021	DC	Sales Income	182	-25.54	78597	0.56	45.61	
ENDTRNS	
TRNS	INVOICE	02/08/2021	Truck: 182eatz	Accounts Receivable	182	31.46	78598	
SPL	INVOICE	02/08/2021	DC	Sales Income	182	-31.46	78598	0.69	45.59	
ENDTRNS	
TRNS	INVOICE	02/08/2021	Truck: 154toy	Accounts Receivable	154	0	78599	
SPL	INVOICE	02/08/2021	H2	Sales Income	154	0.0	78599	0.1	0.0	
ENDTRNS	
TRNS	INVOICE	02/08/2021	Truck: 182	Accounts Receivable	236	225.26	78600	
SPL	INVOICE	02/08/2021	DC	Sales Income	236	-225.26	78600	4.94	45.6	
ENDTRNS	
TRNS	INVOICE	02/09/2021	Truck: 1001calcom	Accounts Receivable	240	144.55	78601	
SPL	INVOICE	02/09/2021	H1	Sales Income	240	-144.55	78601	3.17	45.6	
ENDTRNS	
TRNS	INVOICE	02/09/2021	Truck: 154	Accounts Receivable	154	0	78602	
SPL	INVOICE	02/09/2021	H-2	Sales Income	154	0.0	78602	0.04	0.0	
ENDTRNS	
TRNS	INVOICE	02/09/2021	Truck: 1542	Accounts Receivable	154	34.2	78603	
SPL	INVOICE	02/09/2021	DC	Sales Income	154	-34.2	78603	0.75	45.6	
ENDTRNS	
TRNS	INVOICE	02/09/2021	Truck: CoH2	Accounts Receivable	154	0	78604	
SPL	INVOICE	02/09/2021	I-2	Sales Income	154	0.0	78604	1.76	0.0	
ENDTRNS	
TRNS	INVOICE	02/09/2021	Truck: 154	Accounts Receivable	154	0	78605	
SPL	INVOICE	02/09/2021	H-2	Sales Income	154	0.0	78605	0.06	0.0	
ENDTRNS	
TRNS	INVOICE	02/09/2021	Truck: 1542	Accounts Receivable	154	0	78606	
SPL	INVOICE	02/09/2021	H2	Sales Income	154	0.0	78606	0.19	0.0	
ENDTRNS	
TRNS	INVOICE	02/09/2021	Truck: 1547	Accounts Receivable	154	0	78607	
SPL	INVOICE	02/09/2021	H2	Sales Income	154	0.0	78607	0.07	0.0	
ENDTRNS	
TRNS	INVOICE	02/09/2021	Truck: 154	Accounts Receivable	154	0	78608	
SPL	INVOICE	02/09/2021	H-2	Sales Income	154	0.0	78608	0.21	0.0	
ENDTRNS	
TRNS	INVOICE	02/09/2021	Truck: Car	Accounts Receivable	154	0	78609	
SPL	INVOICE	02/09/2021	H2	Sales Income	154	0.0	78609	0.08	0.0	
ENDTRNS	
TRNS	INVOICE	02/09/2021	Truck: 154	Accounts Receivable	154	0	78610	
SPL	INVOICE	02/09/2021	H-2	Sales Income	154	0.0	78610	0.19	0.0	
ENDTRNS	
TRNS	INVOICE	02/09/2021	Truck: 456	Accounts Receivable	456	6.38	78611	
SPL	INVOICE	02/09/2021	H1	Sales Income	456	-6.38	78611	0.14	45.57	
ENDTRNS	
TRNS	INVOICE	02/09/2021	Truck: 182	Accounts Receivable	182	5.47	78612	
SPL	INVOICE	02/09/2021	DC	Sales Income	182	-5.47	78612	0.12	45.58	
ENDTRNS	
TRNS	INVOICE	02/09/2021	Truck: 1822	Accounts Receivable	182	7.3	78613	
SPL	INVOICE	02/09/2021	DC	Sales Income	182	-7.3	78613	0.16	45.62	
ENDTRNS	
TRNS	INVOICE	02/09/2021	Truck: 1904	Accounts Receivable	162	0	78614	
SPL	INVOICE	02/09/2021	H-2	Sales Income	162	0.0	78614	7.7	0.0	
ENDTRNS	
TRNS	INVOICE	02/09/2021	Truck: 1895	Accounts Receivable	173	0	78615	
SPL	INVOICE	02/09/2021	H-3	Sales Income	173	0.0	78615	23.65	0.0	
ENDTRNS	
TRNS	INVOICE	02/09/2021	Truck: 154	Accounts Receivable	154	0	78616	
SPL	INVOICE	02/09/2021	H-2	Sales Income	154	0.0	78616	0.35	0.0	
ENDTRNS	
TRNS	INVOICE	02/09/2021	Truck: igreen	Accounts Receivable	182	115.82	78617	
SPL	INVOICE	02/09/2021	DC	Sales Income	182	-115.82	78617	2.54	45.6	
ENDTRNS	
TRNS	INVOICE	02/09/2021	Truck: 154	Accounts Receivable	154	0	78618	
SPL	INVOICE	02/09/2021	I-2	Sales Income	154	0.0	78618	0.12	0.0	
ENDTRNS	
TRNS	INVOICE	02/09/2021	Truck: 1221	Accounts Receivable	173	0	78619	
SPL	INVOICE	02/09/2021	H-3	Sales Income	173	0.0	78619	27.92	0.0	
ENDTRNS	
TRNS	INVOICE	02/09/2021	Truck: 154	Accounts Receivable	154	0	78620	
SPL	INVOICE	02/09/2021	H-2	Sales Income	154	0.0	78620	0.53	0.0	
ENDTRNS	
TRNS	INVOICE	02/09/2021	Truck: 154	Accounts Receivable	154	0	78621	
SPL	INVOICE	02/09/2021	H-2	Sales Income	154	0.0	78621	0.46	0.0	
ENDTRNS	
TRNS	INVOICE	02/09/2021	Truck: Ram182	Accounts Receivable	182	19.15	78622	
SPL	INVOICE	02/09/2021	DC	Sales Income	182	-19.15	78622	0.42	45.6	
ENDTRNS	
TRNS	INVOICE	02/09/2021	Truck: 154	Accounts Receivable	154	0	78623	
SPL	INVOICE	02/09/2021	H-2	Sales Income	154	0.0	78623	0.08	0.0	
ENDTRNS	
TRNS	INVOICE	02/09/2021	Truck: Renee 2	Accounts Receivable	194	12.31	78624	
SPL	INVOICE	02/09/2021	H1	Sales Income	194	-12.31	78624	0.27	45.59	
ENDTRNS	
TRNS	INVOICE	02/09/2021	Truck: 1905	Accounts Receivable	162	0	78625	
SPL	INVOICE	02/09/2021	H-2	Sales Income	162	0.0	78625	7.73	0.0	
ENDTRNS	
TRNS	INVOICE	02/09/2021	Truck: 154	Accounts Receivable	154	0	78626	
SPL	INVOICE	02/09/2021	I-2	Sales Income	154	0.0	78626	0.16	0.0	
ENDTRNS	
TRNS	INVOICE	02/09/2021	Truck: 154	Accounts Receivable	154	0	78627	
SPL	INVOICE	02/09/2021	I-2	Sales Income	154	0.0	78627	0.77	0.0	
ENDTRNS	
TRNS	INVOICE	02/09/2021	Truck: 1904	Accounts Receivable	162	0	78628	
SPL	INVOICE	02/09/2021	H-2	Sales Income	162	0.0	78628	2.84	0.0	
ENDTRNS	
TRNS	INVOICE	02/09/2021	Truck: 1542	Accounts Receivable	154	0	78629	
SPL	INVOICE	02/09/2021	H2	Sales Income	154	0.0	78629	0.2	0.0	
ENDTRNS	
TRNS	INVOICE	02/09/2021	Truck: 154whit	Accounts Receivable	154	0	78630	
SPL	INVOICE	02/09/2021	I-2	Sales Income	154	0.0	78630	0.38	0.0	
ENDTRNS	
TRNS	INVOICE	02/09/2021	Truck: 1903	Accounts Receivable	162	0	78631	
SPL	INVOICE	02/09/2021	H-2	Sales Income	162	0.0	78631	9.7	0.0	
ENDTRNS	
TRNS	INVOICE	02/09/2021	Truck: 1895	Accounts Receivable	173	0	78632	
SPL	INVOICE	02/09/2021	H-3	Sales Income	173	0.0	78632	28.82	0.0	
ENDTRNS	
TRNS	INVOICE	02/09/2021	Truck: 1907	Accounts Receivable	162	0	78633	
SPL	INVOICE	02/09/2021	H-2	Sales Income	162	0.0	78633	8.6	0.0	
ENDTRNS	
TRNS	INVOICE	02/09/2021	Truck: 154	Accounts Receivable	154	0	78634	
SPL	INVOICE	02/09/2021	I-2	Sales Income	154	0.0	78634	0.06	0.0	
ENDTRNS	
TRNS	INVOICE	02/09/2021	Truck: 182	Accounts Receivable	182	6.84	78635	
SPL	INVOICE	02/09/2021	H1	Sales Income	182	-6.84	78635	0.15	45.6	
ENDTRNS	
TRNS	INVOICE	02/09/2021	Truck: 1905	Accounts Receivable	162	0	78636	
SPL	INVOICE	02/09/2021	H-2	Sales Income	162	0.0	78636	14.43	0.0	
ENDTRNS	
TRNS	INVOICE	02/09/2021	Truck: Self	Accounts Receivable	154	0	78637	
SPL	INVOICE	02/09/2021	H2	Sales Income	154	0.0	78637	0.06	0.0	
ENDTRNS	
TRNS	INVOICE	02/09/2021	Truck: 1221	Accounts Receivable	173	0	78638	
SPL	INVOICE	02/09/2021	H-3	Sales Income	173	0.0	78638	32.23	0.0	
ENDTRNS	
TRNS	INVOICE	02/09/2021	Truck: 154	Accounts Receivable	154	0	78639	
SPL	INVOICE	02/09/2021	H-2	Sales Income	154	0.0	78639	0.13	0.0	
ENDTRNS	
TRNS	INVOICE	02/09/2021	Truck: 1548	Accounts Receivable	154	0	78640	
SPL	INVOICE	02/09/2021	I-2	Sales Income	154	0.0	78640	0.04	0.0	
ENDTRNS	
TRNS	INVOICE	02/09/2021	Truck: 1549	Accounts Receivable	154	0	78641	
SPL	INVOICE	02/09/2021	H2	Sales Income	154	0.0	78641	0.51	0.0	
ENDTRNS	
TRNS	INVOICE	02/09/2021	Truck: 745154	Accounts Receivable	154	0	78642	
SPL	INVOICE	02/09/2021	H2	Sales Income	154	0.0	78642	0.11	0.0	
ENDTRNS	
TRNS	INVOICE	02/10/2021	Truck: 1001calcom	Accounts Receivable	240	119.02	78643	
SPL	INVOICE	02/10/2021	H1	Sales Income	240	-119.02	78643	2.61	45.6	
ENDTRNS	
TRNS	INVOICE	02/10/2021	Truck: 1221	Accounts Receivable	173	0	78644	
SPL	INVOICE	02/10/2021	H-3	Sales Income	173	0.0	78644	29.39	0.0	
ENDTRNS	
TRNS	INVOICE	02/10/2021	Truck: bradshaw	Accounts Receivable	182	47.88	78645	
SPL	INVOICE	02/10/2021	DC	Sales Income	182	-47.88	78645	1.05	45.6	
ENDTRNS	
TRNS	INVOICE	02/10/2021	Truck: 1326	Accounts Receivable	173	0	78646	
SPL	INVOICE	02/10/2021	H-3	Sales Income	173	0.0	78646	16.57	0.0	
ENDTRNS	
TRNS	INVOICE	02/10/2021	Truck: 154	Accounts Receivable	154	0	78647	
SPL	INVOICE	02/10/2021	I-2	Sales Income	154	0.0	78647	0.16	0.0	
ENDTRNS	
TRNS	INVOICE	02/10/2021	Truck: 182	Accounts Receivable	182	121.75	78648	
SPL	INVOICE	02/10/2021	DC	Sales Income	182	-121.75	78648	2.67	45.6	
ENDTRNS	
TRNS	INVOICE	02/10/2021	Truck: 154	Accounts Receivable	154	0	78649	
SPL	INVOICE	02/10/2021	H-2	Sales Income	154	0.0	78649	0.11	0.0	
ENDTRNS	
TRNS	INVOICE	02/10/2021	Truck: ABC	Accounts Receivable	243	0	78650	
SPL	INVOICE	02/10/2021	H-4	Sales Income	243	0.0	78650	7.09	0.0	
ENDTRNS	
TRNS	INVOICE	02/10/2021	Truck: 154red	Accounts Receivable	154	0	78651	
SPL	INVOICE	02/10/2021	I-2	Sales Income	154	0.0	78651	0.17	0.0	
ENDTRNS	
TRNS	INVOICE	02/10/2021	Truck: Sam	Accounts Receivable	154	0	78652	
SPL	INVOICE	02/10/2021	I-2	Sales Income	154	0.0	78652	0.44	0.0	
ENDTRNS	
TRNS	INVOICE	02/10/2021	Truck: 1542	Accounts Receivable	154	0	78653	
SPL	INVOICE	02/10/2021	H2	Sales Income	154	0.0	78653	0.17	0.0	
ENDTRNS	
TRNS	INVOICE	02/10/2021	Truck: 154	Accounts Receivable	154	0	78654	
SPL	INVOICE	02/10/2021	H-2	Sales Income	154	0.0	78654	0.05	0.0	
ENDTRNS	
TRNS	INVOICE	02/10/2021	Truck: 182	Accounts Receivable	182	21.89	78655	
SPL	INVOICE	02/10/2021	DC	Sales Income	182	-21.89	78655	0.48	45.6	
ENDTRNS	
TRNS	INVOICE	02/10/2021	Truck: Calvin	Accounts Receivable	182	22.8	78656	
SPL	INVOICE	02/10/2021	H1	Sales Income	182	-22.8	78656	0.5	45.6	
ENDTRNS	
TRNS	INVOICE	02/10/2021	Truck: 75	Accounts Receivable	182	17.33	78657	
SPL	INVOICE	02/10/2021	DC	Sales Income	182	-17.33	78657	0.38	45.61	
ENDTRNS	
TRNS	INVOICE	02/10/2021	Truck: 154	Accounts Receivable	154	0	78658	
SPL	INVOICE	02/10/2021	I-2	Sales Income	154	0.0	78658	0.02	0.0	
ENDTRNS	
TRNS	INVOICE	02/10/2021	Truck: 1904	Accounts Receivable	162	0	78659	
SPL	INVOICE	02/10/2021	H-2	Sales Income	162	0.0	78659	8.44	0.0	
ENDTRNS	
TRNS	INVOICE	02/10/2021	Truck: 154jeep	Accounts Receivable	154	0	78660	
SPL	INVOICE	02/10/2021	I-2	Sales Income	154	0.0	78660	0.17	0.0	
ENDTRNS	
TRNS	INVOICE	02/10/2021	Truck: 154navy	Accounts Receivable	154	0	78661	
SPL	INVOICE	02/10/2021	H2	Sales Income	154	0.0	78661	0.14	0.0	
ENDTRNS	
TRNS	INVOICE	02/10/2021	Truck: 1542	Accounts Receivable	154	0	78662	
SPL	INVOICE	02/10/2021	H2	Sales Income	154	0.0	78662	0.04	0.0	
ENDTRNS	
TRNS	INVOICE	02/10/2021	Truck: nobia	Accounts Receivable	182	82.08	78663	
SPL	INVOICE	02/10/2021	DC	Sales Income	182	-82.08	78663	1.8	45.6	
ENDTRNS	
TRNS	INVOICE	02/10/2021	Truck: 182red	Accounts Receivable	182	9.58	78664	
SPL	INVOICE	02/10/2021	DC	Sales Income	182	-9.58	78664	0.21	45.62	
ENDTRNS	
TRNS	INVOICE	02/10/2021	Truck: 1547	Accounts Receivable	154	0	78665	
SPL	INVOICE	02/10/2021	H2	Sales Income	154	0.0	78665	0.08	0.0	
ENDTRNS	
TRNS	INVOICE	02/10/2021	Truck: 1453	Accounts Receivable	154	0	78666	
SPL	INVOICE	02/10/2021	H2	Sales Income	154	0.0	78666	0.31	0.0	
ENDTRNS	
TRNS	INVOICE	02/10/2021	Truck: 73154	Accounts Receivable	154	0	78667	
SPL	INVOICE	02/10/2021	H2	Sales Income	154	0.0	78667	0.28	0.0	
ENDTRNS	
TRNS	INVOICE	02/10/2021	Truck: 152elite	Accounts Receivable	182	11.86	78668	
SPL	INVOICE	02/10/2021	DC	Sales Income	182	-11.86	78668	0.26	45.62	
ENDTRNS	
TRNS	INVOICE	02/10/2021	Truck: 1905	Accounts Receivable	162	0	78669	
SPL	INVOICE	02/10/2021	H-2	Sales Income	162	0.0	78669	6.16	0.0	
ENDTRNS	
TRNS	INVOICE	02/10/2021	Truck: 154red	Accounts Receivable	154	0	78670	
SPL	INVOICE	02/10/2021	H2	Sales Income	154	0.0	78670	0.03	0.0	
ENDTRNS	
TRNS	INVOICE	02/10/2021	Truck: CoH2	Accounts Receivable	154	0	78671	
SPL	INVOICE	02/10/2021	I-2	Sales Income	154	0.0	78671	1.57	0.0	
ENDTRNS	
TRNS	INVOICE	02/10/2021	Truck: 1907	Accounts Receivable	162	0	78672	
SPL	INVOICE	02/10/2021	H-2	Sales Income	162	0.0	78672	6.11	0.0	
ENDTRNS	
TRNS	INVOICE	02/10/2021	Truck: 1904	Accounts Receivable	162	0	78673	
SPL	INVOICE	02/10/2021	H-2	Sales Income	162	0.0	78673	2.01	0.0	
ENDTRNS	
TRNS	INVOICE	02/10/2021	Truck: Calin	Accounts Receivable	182	41.95	78674	
SPL	INVOICE	02/10/2021	DC	Sales Income	182	-41.95	78674	0.92	45.6	
ENDTRNS	
TRNS	INVOICE	02/10/2021	Truck: 154	Accounts Receivable	154	0	78675	
SPL	INVOICE	02/10/2021	H-2	Sales Income	154	0.0	78675	0.42	0.0	
ENDTRNS	
TRNS	INVOICE	02/10/2021	Truck: 1547	Accounts Receivable	154	0	78676	
SPL	INVOICE	02/10/2021	H2	Sales Income	154	0.0	78676	1.27	0.0	
ENDTRNS	
TRNS	INVOICE	02/10/2021	Truck: 182	Accounts Receivable	182	0	78677	
SPL	INVOICE	02/10/2021	H2	Sales Income	182	0.0	78677	0.06	0.0	
ENDTRNS	
TRNS	INVOICE	02/10/2021	Truck: 1903	Accounts Receivable	162	0	78678	
SPL	INVOICE	02/10/2021	H-2	Sales Income	162	0.0	78678	8.19	0.0	
ENDTRNS	
TRNS	INVOICE	02/10/2021	Truck: 1923	Accounts Receivable	162	0	78679	
SPL	INVOICE	02/10/2021	H-2	Sales Income	162	0.0	78679	9.56	0.0	
ENDTRNS	
TRNS	INVOICE	02/10/2021	Truck: 102	Accounts Receivable	182	20.52	78680	
SPL	INVOICE	02/10/2021	DC	Sales Income	182	-20.52	78680	0.45	45.6	
ENDTRNS	
TRNS	INVOICE	02/10/2021	Truck: 154	Accounts Receivable	154	0	78681	
SPL	INVOICE	02/10/2021	H-2	Sales Income	154	0.0	78681	0.11	0.0	
ENDTRNS	
TRNS	INVOICE	02/10/2021	Truck: 182rowe	Accounts Receivable	154	0	78682	
SPL	INVOICE	02/10/2021	H2	Sales Income	154	0.0	78682	0.39	0.0	
ENDTRNS	
TRNS	INVOICE	02/10/2021	Truck: 154	Accounts Receivable	154	0	78683	
SPL	INVOICE	02/10/2021	H-2	Sales Income	154	0.0	78683	0.25	0.0	
ENDTRNS	
TRNS	INVOICE	02/10/2021	Truck: 154schev	Accounts Receivable	154	0	78684	
SPL	INVOICE	02/10/2021	I-2	Sales Income	154	0.0	78684	0.17	0.0	
ENDTRNS	
TRNS	INVOICE	02/10/2021	Truck: 154wf250	Accounts Receivable	154	0	78685	
SPL	INVOICE	02/10/2021	I-2	Sales Income	154	0.0	78685	1.39	0.0	
ENDTRNS	
TRNS	INVOICE	02/10/2021	Truck: 154ram350	Accounts Receivable	154	0	78686	
SPL	INVOICE	02/10/2021	H2	Sales Income	154	0.0	78686	0.24	0.0	
ENDTRNS	
TRNS	INVOICE	02/10/2021	Truck: 154f150	Accounts Receivable	154	0	78687	
SPL	INVOICE	02/10/2021	H2	Sales Income	154	0.0	78687	0.05	0.0	
ENDTRNS	
TRNS	INVOICE	02/11/2021	Truck: 1001calcom	Accounts Receivable	240	150.02	78688	
SPL	INVOICE	02/11/2021	H1	Sales Income	240	-150.02	78688	3.29	45.6	
ENDTRNS	
TRNS	INVOICE	02/11/2021	Truck: 1326	Accounts Receivable	173	0	78689	
SPL	INVOICE	02/11/2021	H-3	Sales Income	173	0.0	78689	28.05	0.0	
ENDTRNS	
TRNS	INVOICE	02/11/2021	Truck: vet	Accounts Receivable	128	0	78690	
SPL	INVOICE	02/11/2021	AP 2	Sales Income	128	0.0	78690	0.04	0.0	
ENDTRNS	
TRNS	INVOICE	02/11/2021	Truck: 154	Accounts Receivable	154	0	78691	
SPL	INVOICE	02/11/2021	H-2	Sales Income	154	0.0	78691	0.04	0.0	
ENDTRNS	
TRNS	INVOICE	02/11/2021	Truck: Carter	Accounts Receivable	122	59.74	78692	
SPL	INVOICE	02/11/2021	DC	Sales Income	122	-59.74	78692	1.31	45.6	
ENDTRNS	
TRNS	INVOICE	02/11/2021	Truck: Rowe	Accounts Receivable	182	0	78693	
SPL	INVOICE	02/11/2021	H2	Sales Income	182	0.0	78693	0.9	0.0	
ENDTRNS	
TRNS	INVOICE	02/11/2021	Truck: 154	Accounts Receivable	154	0	78694	
SPL	INVOICE	02/11/2021	H-2	Sales Income	154	0.0	78694	0.1	0.0	
ENDTRNS	
TRNS	INVOICE	02/11/2021	Truck: 1001calcom	Accounts Receivable	240	70.68	78695	
SPL	INVOICE	02/11/2021	H1	Sales Income	240	-70.68	78695	1.55	45.6	
ENDTRNS	
TRNS	INVOICE	02/11/2021	Truck: 154	Accounts Receivable	154	0	78696	
SPL	INVOICE	02/11/2021	H-2	Sales Income	154	0.0	78696	0.21	0.0	
ENDTRNS	
TRNS	INVOICE	02/11/2021	Truck: 1921-C	Accounts Receivable	162	0	78697	
SPL	INVOICE	02/11/2021	H-2	Sales Income	162	0.0	78697	8.33	0.0	
ENDTRNS	
TRNS	INVOICE	02/11/2021	Truck: Calvin	Accounts Receivable	182	44.23	78698	
SPL	INVOICE	02/11/2021	DC	Sales Income	182	-44.23	78698	0.97	45.6	
ENDTRNS	
TRNS	INVOICE	02/11/2021	Truck: 184red	Accounts Receivable	154	0	78699	
SPL	INVOICE	02/11/2021	H2	Sales Income	154	0.0	78699	0.49	0.0	
ENDTRNS	
TRNS	INVOICE	02/11/2021	Truck: 154	Accounts Receivable	154	0	78700	
SPL	INVOICE	02/11/2021	H-2	Sales Income	154	0.0	78700	0.31	0.0	
ENDTRNS	
TRNS	INVOICE	02/11/2021	Truck: 6100	Accounts Receivable	154	0	78701	
SPL	INVOICE	02/11/2021	H2	Sales Income	154	0.0	78701	0.3	0.0	
ENDTRNS	
TRNS	INVOICE	02/11/2021	Truck: 182	Accounts Receivable	182	30.1	78702	
SPL	INVOICE	02/11/2021	DC	Sales Income	182	-30.1	78702	0.66	45.61	
ENDTRNS	
TRNS	INVOICE	02/11/2021	Truck: 182	Accounts Receivable	182	37.85	78703	
SPL	INVOICE	02/11/2021	DC	Sales Income	182	-37.85	78703	0.83	45.6	
ENDTRNS	
TRNS	INVOICE	02/11/2021	Truck: 1 2 3	Accounts Receivable	154	0	78704	
SPL	INVOICE	02/11/2021	H-2	Sales Income	154	0.0	78704	1.64	0.0	
ENDTRNS	
TRNS	INVOICE	02/11/2021	Truck: 1921-O	Accounts Receivable	162	0	78705	
SPL	INVOICE	02/11/2021	H-2	Sales Income	162	0.0	78705	0.76	0.0	
ENDTRNS	
TRNS	INVOICE	02/11/2021	Truck: 154	Accounts Receivable	154	0	78706	
SPL	INVOICE	02/11/2021	H-2	Sales Income	154	0.0	78706	0.1	0.0	
ENDTRNS	
TRNS	INVOICE	02/11/2021	Truck: 154blk	Accounts Receivable	154	0	78707	
SPL	INVOICE	02/11/2021	H2	Sales Income	154	0.0	78707	0.01	0.0	
ENDTRNS	
TRNS	INVOICE	02/11/2021	Truck: 12182	Accounts Receivable	182	0	78708	
SPL	INVOICE	02/11/2021	DC	Sales Income	182	0.0	78708	0	0.0	
ENDTRNS	
TRNS	INVOICE	02/11/2021	Truck: 154	Accounts Receivable	154	0	78709	
SPL	INVOICE	02/11/2021	H-2	Sales Income	154	0.0	78709	0.15	0.0	
ENDTRNS	
TRNS	INVOICE	02/11/2021	Truck: 1906	Accounts Receivable	162	0	78710	
SPL	INVOICE	02/11/2021	H-2	Sales Income	162	0.0	78710	6.2	0.0	
ENDTRNS	
TRNS	INVOICE	02/11/2021	Truck: 154	Accounts Receivable	154	0	78711	
SPL	INVOICE	02/11/2021	H-2	Sales Income	154	0.0	78711	0.81	0.0	
ENDTRNS	
TRNS	INVOICE	02/11/2021	Truck: 1921-O	Accounts Receivable	162	0	78712	
SPL	INVOICE	02/11/2021	H-2	Sales Income	162	0.0	78712	0.91	0.0	
ENDTRNS	
TRNS	INVOICE	02/11/2021	Truck: 397	Accounts Receivable	154	0	78713	
SPL	INVOICE	02/11/2021	H2	Sales Income	154	0.0	78713	0.22	0.0	
ENDTRNS	
TRNS	INVOICE	02/11/2021	Truck: Renee 2	Accounts Receivable	194	18.24	78714	
SPL	INVOICE	02/11/2021	H1	Sales Income	194	-18.24	78714	0.4	45.6	
ENDTRNS	
TRNS	INVOICE	02/11/2021	Truck: 1907	Accounts Receivable	162	0	78715	
SPL	INVOICE	02/11/2021	H-2	Sales Income	162	0.0	78715	6.07	0.0	
ENDTRNS	
TRNS	INVOICE	02/11/2021	Truck: 154	Accounts Receivable	154	0	78716	
SPL	INVOICE	02/11/2021	I-2	Sales Income	154	0.0	78716	0.55	0.0	
ENDTRNS	
TRNS	INVOICE	02/11/2021	Truck: 1542	Accounts Receivable	154	0	78717	
SPL	INVOICE	02/11/2021	I-2	Sales Income	154	0.0	78717	1.05	0.0	
ENDTRNS	
TRNS	INVOICE	02/11/2021	Truck: 1547	Accounts Receivable	154	0	78718	
SPL	INVOICE	02/11/2021	H2	Sales Income	154	0.0	78718	0.12	0.0	
ENDTRNS	
TRNS	INVOICE	02/11/2021	Truck: 1921-C	Accounts Receivable	162	0	78719	
SPL	INVOICE	02/11/2021	H-2	Sales Income	162	0.0	78719	7.94	0.0	
ENDTRNS	
TRNS	INVOICE	02/11/2021	Truck: 1823	Accounts Receivable	154	0	78720	
SPL	INVOICE	02/11/2021	H2	Sales Income	154	0.0	78720	22.48	0.0	
ENDTRNS	
TRNS	INVOICE	02/11/2021	Truck: 1923	Accounts Receivable	162	0	78721	
SPL	INVOICE	02/11/2021	H-2	Sales Income	162	0.0	78721	7.02	0.0	
ENDTRNS	
TRNS	INVOICE	02/11/2021	Truck: blaz154	Accounts Receivable	154	0	78722	
SPL	INVOICE	02/11/2021	H2	Sales Income	154	0.0	78722	0.6	0.0	
ENDTRNS	
TRNS	INVOICE	02/11/2021	Truck: 1904	Accounts Receivable	162	0	78723	
SPL	INVOICE	02/11/2021	H-2	Sales Income	162	0.0	78723	6.57	0.0	
ENDTRNS	
TRNS	INVOICE	02/11/2021	Truck: 1549	Accounts Receivable	154	0	78724	
SPL	INVOICE	02/11/2021	H2	Sales Income	154	0.0	78724	0.57	0.0	
ENDTRNS	
TRNS	INVOICE	02/11/2021	Truck: 154farm	Accounts Receivable	154	0	78725	
SPL	INVOICE	02/11/2021	H2	Sales Income	154	0.0	78725	0.24	0.0	
ENDTRNS	
TRNS	INVOICE	02/11/2021	Truck: 1326	Accounts Receivable	173	0	78726	
SPL	INVOICE	02/11/2021	H-3	Sales Income	173	0.0	78726	28.46	0.0	
ENDTRNS	
TRNS	INVOICE	02/11/2021	Truck: 154	Accounts Receivable	154	0	78727	
SPL	INVOICE	02/11/2021	I-2	Sales Income	154	0.0	78727	0.85	0.0	
ENDTRNS	
TRNS	INVOICE	02/11/2021	Truck: 154car	Accounts Receivable	154	0	78728	
SPL	INVOICE	02/11/2021	H2	Sales Income	154	0.0	78728	0.17	0.0	
ENDTRNS	
TRNS	INVOICE	02/11/2021	Truck: 1920	Accounts Receivable	162	0	78729	
SPL	INVOICE	02/11/2021	H-2	Sales Income	162	0.0	78729	3.89	0.0	
ENDTRNS	
TRNS	INVOICE	02/12/2021	Truck: 154	Accounts Receivable	154	19.61	78730	
SPL	INVOICE	02/12/2021	DC	Sales Income	154	-19.61	78730	0.43	45.6	
ENDTRNS	
TRNS	INVOICE	02/12/2021	Truck: 1891	Accounts Receivable	173	0	78731	
SPL	INVOICE	02/12/2021	H-3	Sales Income	173	0.0	78731	28.03	0.0	
ENDTRNS	
TRNS	INVOICE	02/12/2021	Truck: 182	Accounts Receivable	182	61.56	78732	
SPL	INVOICE	02/12/2021	DC	Sales Income	182	-61.56	78732	1.35	45.6	
ENDTRNS	
TRNS	INVOICE	02/12/2021	Truck: 1607	Accounts Receivable	240	0	78733	
SPL	INVOICE	02/12/2021	H-1	Sales Income	240	0.0	78733	4.2995	0.0	
ENDTRNS	
TRNS	INVOICE	02/12/2021	Truck: 182	Accounts Receivable	182	23.71	78734	
SPL	INVOICE	02/12/2021	DC	Sales Income	182	-23.71	78734	0.52	45.6	
ENDTRNS	
TRNS	INVOICE	02/12/2021	Truck: 1826507	Accounts Receivable	182	5.93	78735	
SPL	INVOICE	02/12/2021	DC	Sales Income	182	-5.93	78735	0.13	45.62	
ENDTRNS	
TRNS	INVOICE	02/12/2021	Truck: 182burg	Accounts Receivable	182	21.89	78736	
SPL	INVOICE	02/12/2021	DC	Sales Income	182	-21.89	78736	0.48	45.6	
ENDTRNS	
TRNS	INVOICE	02/12/2021	Truck: 1921-O	Accounts Receivable	162	0	78737	
SPL	INVOICE	02/12/2021	H-2	Sales Income	162	0.0	78737	2.67	0.0	
ENDTRNS	
TRNS	INVOICE	02/12/2021	Truck: 182	Accounts Receivable	182	0	78738	
SPL	INVOICE	02/12/2021	H2	Sales Income	182	0.0	78738	0.04	0.0	
ENDTRNS	
TRNS	INVOICE	02/12/2021	Truck: 1921-O	Accounts Receivable	162	0	78739	
SPL	INVOICE	02/12/2021	H-2	Sales Income	162	0.0	78739	3	0.0	
ENDTRNS	
TRNS	INVOICE	02/12/2021	Truck: 154	Accounts Receivable	154	0	78740	
SPL	INVOICE	02/12/2021	H-2	Sales Income	154	0.0	78740	0.04	0.0	
ENDTRNS	
TRNS	INVOICE	02/12/2021	Truck: 154	Accounts Receivable	154	0	78741	
SPL	INVOICE	02/12/2021	H-2	Sales Income	154	0.0	78741	0.15	0.0	
ENDTRNS	
TRNS	INVOICE	02/12/2021	Truck: 1542	Accounts Receivable	154	0	78742	
SPL	INVOICE	02/12/2021	H2	Sales Income	154	0.0	78742	0.11	0.0	
ENDTRNS	
TRNS	INVOICE	02/12/2021	Truck: 1543	Accounts Receivable	154	0	78743	
SPL	INVOICE	02/12/2021	H2	Sales Income	154	0.0	78743	1.07	0.0	
ENDTRNS	
TRNS	INVOICE	02/12/2021	Truck: 154	Accounts Receivable	154	0	78744	
SPL	INVOICE	02/12/2021	H-2	Sales Income	154	0.0	78744	0.31	0.0	
ENDTRNS	
TRNS	INVOICE	02/12/2021	Truck: 1921-O	Accounts Receivable	162	0	78745	
SPL	INVOICE	02/12/2021	H-2	Sales Income	162	0.0	78745	3.16	0.0	
ENDTRNS	
TRNS	INVOICE	02/12/2021	Truck: ej	Accounts Receivable	154	0	78746	
SPL	INVOICE	02/12/2021	H2	Sales Income	154	0.0	78746	0.71	0.0	
ENDTRNS	
TRNS	INVOICE	02/12/2021	Truck: 154nasty	Accounts Receivable	154	0	78747	
SPL	INVOICE	02/12/2021	H2	Sales Income	154	0.0	78747	0.11	0.0	
ENDTRNS	
TRNS	INVOICE	02/12/2021	Truck: 154ram	Accounts Receivable	154	0	78748	
SPL	INVOICE	02/12/2021	W-1 (White Goods )	Sales Income	154	0.0	78748	0.25	0.0	
ENDTRNS	
TRNS	INVOICE	02/12/2021	Truck: 154shi	Accounts Receivable	154	0	78749	
SPL	INVOICE	02/12/2021	H2	Sales Income	154	0.0	78749	0.14	0.0	
ENDTRNS	
TRNS	INVOICE	02/12/2021	Truck: jj182	Accounts Receivable	182	40.13	78750	
SPL	INVOICE	02/12/2021	DC	Sales Income	182	-40.13	78750	0.88	45.6	
ENDTRNS	
TRNS	INVOICE	02/12/2021	Truck: Co H 3	Accounts Receivable	154	0	78751	
SPL	INVOICE	02/12/2021	H-2	Sales Income	154	0.0	78751	0.13	0.0	
ENDTRNS	
TRNS	INVOICE	02/12/2021	Truck: 154red	Accounts Receivable	154	0	78752	
SPL	INVOICE	02/12/2021	I-2	Sales Income	154	0.0	78752	0.2	0.0	
ENDTRNS	
TRNS	INVOICE	02/12/2021	Truck: 1891	Accounts Receivable	173	0	78753	
SPL	INVOICE	02/12/2021	H-3	Sales Income	173	0.0	78753	20.11	0.0	
ENDTRNS	
TRNS	INVOICE	02/12/2021	Truck: 154	Accounts Receivable	154	0	78754	
SPL	INVOICE	02/12/2021	H-2	Sales Income	154	0.0	78754	0.19	0.0	
ENDTRNS	
TRNS	INVOICE	02/12/2021	Truck: WHitram	Accounts Receivable	154	0	78755	
SPL	INVOICE	02/12/2021	H2	Sales Income	154	0.0	78755	0.12	0.0	
ENDTRNS	
TRNS	INVOICE	02/12/2021	Truck: 1923	Accounts Receivable	162	0	78756	
SPL	INVOICE	02/12/2021	H-2	Sales Income	162	0.0	78756	7.65	0.0	
ENDTRNS	
TRNS	INVOICE	02/12/2021	Truck: 1904	Accounts Receivable	162	0	78757	
SPL	INVOICE	02/12/2021	H-2	Sales Income	162	0.0	78757	7.72	0.0	
ENDTRNS	
TRNS	INVOICE	02/12/2021	Truck: 1907	Accounts Receivable	162	0	78758	
SPL	INVOICE	02/12/2021	H-2	Sales Income	162	0.0	78758	8.76	0.0	
ENDTRNS	
TRNS	INVOICE	02/12/2021	Truck: 154	Accounts Receivable	154	0	78759	
SPL	INVOICE	02/12/2021	I-2	Sales Income	154	0.0	78759	2.19	0.0	
ENDTRNS	
TRNS	INVOICE	02/12/2021	Truck: 1906	Accounts Receivable	162	0	78760	
SPL	INVOICE	02/12/2021	H-2	Sales Income	162	0.0	78760	8.42	0.0	
ENDTRNS	
TRNS	INVOICE	02/12/2021	Truck: 154	Accounts Receivable	154	0	78761	
SPL	INVOICE	02/12/2021	H-2	Sales Income	154	0.0	78761	0.04	0.0	
ENDTRNS	
TRNS	INVOICE	02/12/2021	Truck: 405-1489	Accounts Receivable	150	0	78762	
SPL	INVOICE	02/12/2021	I-2	Sales Income	150	0.0	78762	0.23	0.0	
ENDTRNS	
TRNS	INVOICE	02/12/2021	Truck: 1895	Accounts Receivable	173	0	78763	
SPL	INVOICE	02/12/2021	H-3	Sales Income	173	0.0	78763	25.22	0.0	
ENDTRNS	
TRNS	INVOICE	02/12/2021	Truck: 154	Accounts Receivable	154	0	78764	
SPL	INVOICE	02/12/2021	H-2	Sales Income	154	0.0	78764	0.06	0.0	
ENDTRNS	
TRNS	INVOICE	02/12/2021	Truck: jj182	Accounts Receivable	182	0	78765	
SPL	INVOICE	02/12/2021	I-3	Sales Income	182	0.0	78765	0.54	0.0	
ENDTRNS	
TRNS	INVOICE	02/12/2021	Truck: 182blu	Accounts Receivable	182	40.13	78766	
SPL	INVOICE	02/12/2021	DC	Sales Income	182	-40.13	78766	0.88	45.6	
ENDTRNS	
TRNS	INVOICE	02/12/2021	Truck: 182car	Accounts Receivable	182	0	78767	
SPL	INVOICE	02/12/2021	H2	Sales Income	182	0.0	78767	0.08	0.0	
ENDTRNS	
TRNS	INVOICE	02/12/2021	Truck: 2376	Accounts Receivable	154	0	78768	
SPL	INVOICE	02/12/2021	H2	Sales Income	154	0.0	78768	0.14	0.0	
ENDTRNS	
TRNS	INVOICE	02/12/2021	Truck: 1891	Accounts Receivable	173	0	78769	
SPL	INVOICE	02/12/2021	H-3	Sales Income	173	0.0	78769	30.4	0.0	
ENDTRNS	
TRNS	INVOICE	02/13/2021	Truck: 154	Accounts Receivable	154	0	78770	
SPL	INVOICE	02/13/2021	I-2	Sales Income	154	0.0	78770	0.74	0.0	
ENDTRNS	
TRNS	INVOICE	02/13/2021	Truck: 154	Accounts Receivable	154	0	78771	
SPL	INVOICE	02/13/2021	H-2	Sales Income	154	0.0	78771	1.17	0.0	
ENDTRNS	
TRNS	INVOICE	02/13/2021	Truck: 154	Accounts Receivable	154	0	78772	
SPL	INVOICE	02/13/2021	H-2	Sales Income	154	0.0	78772	0.06	0.0	
ENDTRNS	
TRNS	INVOICE	02/13/2021	Truck: 154	Accounts Receivable	154	0	78773	
SPL	INVOICE	02/13/2021	I-2	Sales Income	154	0.0	78773	0.46	0.0	
ENDTRNS	
TRNS	INVOICE	02/13/2021	Truck: 1542	Accounts Receivable	154	0	78774	
SPL	INVOICE	02/13/2021	H2	Sales Income	154	0.0	78774	0.26	0.0	
ENDTRNS	
TRNS	INVOICE	02/13/2021	Truck: 174154	Accounts Receivable	154	0	78775	
SPL	INVOICE	02/13/2021	H2	Sales Income	154	0.0	78775	0.17	0.0	
ENDTRNS	
TRNS	INVOICE	02/13/2021	Truck: 182	Accounts Receivable	182	13.22	78776	
SPL	INVOICE	02/13/2021	DC	Sales Income	182	-13.22	78776	0.29	45.59	
ENDTRNS	
TRNS	INVOICE	02/13/2021	Truck: 154	Accounts Receivable	154	0	78777	
SPL	INVOICE	02/13/2021	H-2	Sales Income	154	0.0	78777	0.03	0.0	
ENDTRNS	
TRNS	INVOICE	02/13/2021	Truck: 154gmc	Accounts Receivable	154	0	78778	
SPL	INVOICE	02/13/2021	H2	Sales Income	154	0.0	78778	0.11	0.0	
ENDTRNS	
TRNS	INVOICE	02/13/2021	Truck: 182	Accounts Receivable	182	6.84	78779	
SPL	INVOICE	02/13/2021	DC	Sales Income	182	-6.84	78779	0.15	45.6	
ENDTRNS	
TRNS	INVOICE	02/13/2021	Truck: 182	Accounts Receivable	182	12.31	78780	
SPL	INVOICE	02/13/2021	DC	Sales Income	182	-12.31	78780	0.27	45.59	
ENDTRNS	
TRNS	INVOICE	02/13/2021	Truck: jeep	Accounts Receivable	154	0	78781	
SPL	INVOICE	02/13/2021	H2	Sales Income	154	0.0	78781	0.08	0.0	
ENDTRNS	
TRNS	INVOICE	02/13/2021	Truck: 1547	Accounts Receivable	154	0	78782	
SPL	INVOICE	02/13/2021	H2	Sales Income	154	0.0	78782	0.21	0.0	
ENDTRNS	
TRNS	INVOICE	02/13/2021	Truck: 154	Accounts Receivable	154	0	78783	
SPL	INVOICE	02/13/2021	H-2	Sales Income	154	0.0	78783	0.4	0.0	
ENDTRNS	
TRNS	INVOICE	02/13/2021	Truck: 182	Accounts Receivable	182	33.74	78784	
SPL	INVOICE	02/13/2021	DC	Sales Income	182	-33.74	78784	0.74	45.59	
ENDTRNS	
TRNS	INVOICE	02/13/2021	Truck: 182	Accounts Receivable	182	23.26	78785	
SPL	INVOICE	02/13/2021	DC	Sales Income	182	-23.26	78785	0.51	45.61	
ENDTRNS	
TRNS	INVOICE	02/13/2021	Truck: 182	Accounts Receivable	182	83.45	78786	
SPL	INVOICE	02/13/2021	DC	Sales Income	182	-83.45	78786	1.83	45.6	
ENDTRNS	
TRNS	INVOICE	02/13/2021	Truck: 154	Accounts Receivable	154	0	78787	
SPL	INVOICE	02/13/2021	H-2	Sales Income	154	0.0	78787	0.07	0.0	
ENDTRNS	
TRNS	INVOICE	02/13/2021	Truck: 1919	Accounts Receivable	154	0	78788	
SPL	INVOICE	02/13/2021	I-2	Sales Income	154	0.0	78788	0.47	0.0	
ENDTRNS	
TRNS	INVOICE	02/13/2021	Truck: 154brow	Accounts Receivable	154	0	78789	
SPL	INVOICE	02/13/2021	H2	Sales Income	154	0.0	78789	0.28	0.0	
ENDTRNS	
TRNS	INVOICE	02/13/2021	Truck: 1825	Accounts Receivable	182	10.94	78790	
SPL	INVOICE	02/13/2021	DC	Sales Income	182	-10.94	78790	0.24	45.58	
ENDTRNS	
TRNS	INVOICE	02/13/2021	Truck: 333	Accounts Receivable	182	15.5	78791	
SPL	INVOICE	02/13/2021	DC	Sales Income	182	-15.5	78791	0.34	45.59	
ENDTRNS	
TRNS	INVOICE	02/13/2021	Truck: 154ram	Accounts Receivable	154	0	78792	
SPL	INVOICE	02/13/2021	H2	Sales Income	154	0.0	78792	0.05	0.0	
ENDTRNS	
TRNS	INVOICE	02/13/2021	Truck: 154grey	Accounts Receivable	154	0	78793	
SPL	INVOICE	02/13/2021	H2	Sales Income	154	0.0	78793	0.42	0.0	
ENDTRNS	
TRNS	INVOICE	02/13/2021	Truck: 182	Accounts Receivable	182	0	78794	
SPL	INVOICE	02/13/2021	H2	Sales Income	182	0.0	78794	0.03	0.0	
ENDTRNS	
TRNS	INVOICE	02/13/2021	Truck: 182	Accounts Receivable	182	24.62	78795	
SPL	INVOICE	02/13/2021	DC	Sales Income	182	-24.62	78795	0.54	45.59	
ENDTRNS	
TRNS	INVOICE	02/13/2021	Truck: 1822	Accounts Receivable	182	16.87	78796	
SPL	INVOICE	02/13/2021	DC	Sales Income	182	-16.87	78796	0.37	45.59	
ENDTRNS	
TRNS	INVOICE	02/15/2021	Truck: 1001JCGCOM	Accounts Receivable	240	205.09	78797	
SPL	INVOICE	02/15/2021	H1	Sales Income	240	-205.09	78797	4.4975	45.6	
ENDTRNS	
TRNS	INVOICE	02/15/2021	Truck: 1891	Accounts Receivable	173	0	78798	
SPL	INVOICE	02/15/2021	H-3	Sales Income	173	0.0	78798	22.18	0.0	
ENDTRNS	
TRNS	INVOICE	02/15/2021	Truck: 1921-O	Accounts Receivable	162	0	78799	
SPL	INVOICE	02/15/2021	H-2	Sales Income	162	0.0	78799	2.43	0.0	
ENDTRNS	
TRNS	INVOICE	02/15/2021	Truck: 1921-C	Accounts Receivable	162	0	78800	
SPL	INVOICE	02/15/2021	H-2	Sales Income	162	0.0	78800	9.2	0.0	
ENDTRNS	
TRNS	INVOICE	02/15/2021	Truck: 182	Accounts Receivable	240	159.14	78801	
SPL	INVOICE	02/15/2021	H1	Sales Income	240	-159.14	78801	3.49	45.6	
ENDTRNS	
TRNS	INVOICE	02/15/2021	Truck: 154	Accounts Receivable	154	0	78802	
SPL	INVOICE	02/15/2021	H-2	Sales Income	154	0.0	78802	0.13	0.0	
ENDTRNS	
TRNS	INVOICE	02/15/2021	Truck: 154	Accounts Receivable	154	0	78803	
SPL	INVOICE	02/15/2021	H-2	Sales Income	154	0.0	78803	0.55	0.0	
ENDTRNS	
TRNS	INVOICE	02/15/2021	Truck: 1904	Accounts Receivable	162	0	78804	
SPL	INVOICE	02/15/2021	H-2	Sales Income	162	0.0	78804	4.51	0.0	
ENDTRNS	
TRNS	INVOICE	02/15/2021	Truck: 154	Accounts Receivable	236	0	78805	
SPL	INVOICE	02/15/2021	H-2	Sales Income	236	0.0	78805	1.1	0.0	
ENDTRNS	
TRNS	INVOICE	02/15/2021	Truck: Renee 2	Accounts Receivable	194	14.59	78806	
SPL	INVOICE	02/15/2021	H1	Sales Income	194	-14.59	78806	0.32	45.59	
ENDTRNS	
TRNS	INVOICE	02/15/2021	Truck: 1921-O	Accounts Receivable	162	0	78807	
SPL	INVOICE	02/15/2021	H-2	Sales Income	162	0.0	78807	1.84	0.0	
ENDTRNS	
TRNS	INVOICE	02/15/2021	Truck: 182DAVIS	Accounts Receivable	182	36.48	78808	
SPL	INVOICE	02/15/2021	H1	Sales Income	182	-36.48	78808	0.8	45.6	
ENDTRNS	
TRNS	INVOICE	02/15/2021	Truck: 154	Accounts Receivable	154	0	78809	
SPL	INVOICE	02/15/2021	I-2	Sales Income	154	0.0	78809	1.48	0.0	
ENDTRNS	
TRNS	INVOICE	02/15/2021	Truck: 182	Accounts Receivable	240	38.76	78810	
SPL	INVOICE	02/15/2021	H1	Sales Income	240	-38.76	78810	0.85	45.6	
ENDTRNS	
TRNS	INVOICE	02/15/2021	Truck: 1891	Accounts Receivable	173	0	78811	
SPL	INVOICE	02/15/2021	H-3	Sales Income	173	0.0	78811	20.22	0.0	
ENDTRNS	
TRNS	INVOICE	02/15/2021	Truck: 1 2 3	Accounts Receivable	154	0	78812	
SPL	INVOICE	02/15/2021	H-2	Sales Income	154	0.0	78812	2.04	0.0	
ENDTRNS	
TRNS	INVOICE	02/15/2021	Truck: 154BOX	Accounts Receivable	154	0	78813	
SPL	INVOICE	02/15/2021	H2	Sales Income	154	0.0	78813	0.23	0.0	
ENDTRNS	
TRNS	INVOICE	02/15/2021	Truck: 1544X4	Accounts Receivable	154	0	78814	
SPL	INVOICE	02/15/2021	H2	Sales Income	154	0.0	78814	0.49	0.0	
ENDTRNS	
TRNS	INVOICE	02/15/2021	Truck: 154JEFF	Accounts Receivable	154	0	78815	
SPL	INVOICE	02/15/2021	H2	Sales Income	154	0.0	78815	0.11	0.0	
ENDTRNS	
TRNS	INVOICE	02/15/2021	Truck: 1921-O	Accounts Receivable	162	0	78816	
SPL	INVOICE	02/15/2021	H-2	Sales Income	162	0.0	78816	1.59	0.0	
ENDTRNS	
TRNS	INVOICE	02/15/2021	Truck: CoH2	Accounts Receivable	154	0	78817	
SPL	INVOICE	02/15/2021	I-2	Sales Income	154	0.0	78817	0.6	0.0	
ENDTRNS	
TRNS	INVOICE	02/15/2021	Truck: 154red	Accounts Receivable	154	0	78818	
SPL	INVOICE	02/15/2021	H2	Sales Income	154	0.0	78818	0.16	0.0	
ENDTRNS	
TRNS	INVOICE	02/15/2021	Truck: 154	Accounts Receivable	236	0	78819	
SPL	INVOICE	02/15/2021	H2	Sales Income	236	0.0	78819	0.45	0.0	
ENDTRNS	
TRNS	INVOICE	02/15/2021	Truck: 154ram	Accounts Receivable	154	0	78820	
SPL	INVOICE	02/15/2021	I-2	Sales Income	154	0.0	78820	0.36	0.0	
ENDTRNS	
TRNS	INVOICE	02/15/2021	Truck: 154gold	Accounts Receivable	154	0	78821	
SPL	INVOICE	02/15/2021	H2	Sales Income	154	0.0	78821	0.29	0.0	
ENDTRNS	
TRNS	INVOICE	02/15/2021	Truck: 1904	Accounts Receivable	162	0	78822	
SPL	INVOICE	02/15/2021	H-2	Sales Income	162	0.0	78822	4.05	0.0	
ENDTRNS	
TRNS	INVOICE	02/15/2021	Truck: Renee 2	Accounts Receivable	194	14.59	78823	
SPL	INVOICE	02/15/2021	H1	Sales Income	194	-14.59	78823	0.32	45.59	
ENDTRNS	
TRNS	INVOICE	02/15/2021	Truck: 1923	Accounts Receivable	162	0	78824	
SPL	INVOICE	02/15/2021	H-2	Sales Income	162	0.0	78824	8.79	0.0	
ENDTRNS	
TRNS	INVOICE	02/15/2021	Truck: 154	Accounts Receivable	154	0	78825	
SPL	INVOICE	02/15/2021	H-2	Sales Income	154	0.0	78825	0.04	0.0	
ENDTRNS	
TRNS	INVOICE	02/15/2021	Truck: 1906	Accounts Receivable	162	0	78826	
SPL	INVOICE	02/15/2021	H-2	Sales Income	162	0.0	78826	7.24	0.0	
ENDTRNS	
TRNS	INVOICE	02/15/2021	Truck: 154	Accounts Receivable	154	0	78827	
SPL	INVOICE	02/15/2021	H-2	Sales Income	154	0.0	78827	0.05	0.0	
ENDTRNS	
TRNS	INVOICE	02/15/2021	Truck: 1907	Accounts Receivable	162	0	78828	
SPL	INVOICE	02/15/2021	H-2	Sales Income	162	0.0	78828	8.54	0.0	
ENDTRNS	
TRNS	INVOICE	02/15/2021	Truck: 154	Accounts Receivable	154	0	78829	
SPL	INVOICE	02/15/2021	H-2	Sales Income	154	0.0	78829	0.08	0.0	
ENDTRNS	
TRNS	INVOICE	02/15/2021	Truck: 154stx	Accounts Receivable	154	0	78830	
SPL	INVOICE	02/15/2021	H2	Sales Income	154	0.0	78830	0.11	0.0	
ENDTRNS	
TRNS	INVOICE	02/15/2021	Truck: 1920	Accounts Receivable	162	0	78831	
SPL	INVOICE	02/15/2021	H-2	Sales Income	162	0.0	78831	5.37	0.0	
ENDTRNS	
TRNS	INVOICE	02/15/2021	Truck: 1891	Accounts Receivable	173	0	78832	
SPL	INVOICE	02/15/2021	H-3	Sales Income	173	0.0	78832	21.86	0.0	
ENDTRNS	
TRNS	INVOICE	02/15/2021	Truck: 182	Accounts Receivable	182	18.7	78833	
SPL	INVOICE	02/15/2021	DC	Sales Income	182	-18.7	78833	0.41	45.61	
ENDTRNS	
TRNS	INVOICE	02/16/2021	Truck: 1001calcom	Accounts Receivable	240	83.9	78834	
SPL	INVOICE	02/16/2021	H1	Sales Income	240	-83.9	78834	1.84	45.6	
ENDTRNS	
TRNS	INVOICE	02/16/2021	Truck: 1891	Accounts Receivable	173	0	78835	
SPL	INVOICE	02/16/2021	H-3	Sales Income	173	0.0	78835	26.41	0.0	
ENDTRNS	
TRNS	INVOICE	02/16/2021	Truck: 154	Accounts Receivable	154	0	78836	
SPL	INVOICE	02/16/2021	H-2	Sales Income	154	0.0	78836	0.05	0.0	
ENDTRNS	
TRNS	INVOICE	02/16/2021	Truck: 1542	Accounts Receivable	154	0	78837	
SPL	INVOICE	02/16/2021	H2	Sales Income	154	0.0	78837	0.44	0.0	
ENDTRNS	
TRNS	INVOICE	02/16/2021	Truck: 182	Accounts Receivable	182	12.31	78838	
SPL	INVOICE	02/16/2021	DC	Sales Income	182	-12.31	78838	0.27	45.59	
ENDTRNS	
TRNS	INVOICE	02/16/2021	Truck: 154	Accounts Receivable	154	0	78839	
SPL	INVOICE	02/16/2021	H-2	Sales Income	154	0.0	78839	0.17	0.0	
ENDTRNS	
TRNS	INVOICE	02/16/2021	Truck: 154	Accounts Receivable	154	0	78840	
SPL	INVOICE	02/16/2021	H-2	Sales Income	154	0.0	78840	0.18	0.0	
ENDTRNS	
TRNS	INVOICE	02/16/2021	Truck: 456	Accounts Receivable	456	8.21	78841	
SPL	INVOICE	02/16/2021	H1	Sales Income	456	-8.21	78841	0.18	45.61	
ENDTRNS	
TRNS	INVOICE	02/16/2021	Truck: 154	Accounts Receivable	154	0	78842	
SPL	INVOICE	02/16/2021	H-2	Sales Income	154	0.0	78842	0.43	0.0	
ENDTRNS	
TRNS	INVOICE	02/16/2021	Truck: 182	Accounts Receivable	182	0	78843	
SPL	INVOICE	02/16/2021	H2	Sales Income	182	0.0	78843	0.13	0.0	
ENDTRNS	
TRNS	INVOICE	02/16/2021	Truck: 1904	Accounts Receivable	162	0	78844	
SPL	INVOICE	02/16/2021	H-2	Sales Income	162	0.0	78844	7.28	0.0	
ENDTRNS	
TRNS	INVOICE	02/16/2021	Truck: 154	Accounts Receivable	154	0	78845	
SPL	INVOICE	02/16/2021	H-2	Sales Income	154	0.0	78845	0.11	0.0	
ENDTRNS	
TRNS	INVOICE	02/16/2021	Truck: 1542	Accounts Receivable	154	0	78846	
SPL	INVOICE	02/16/2021	H2	Sales Income	154	0.0	78846	0.07	0.0	
ENDTRNS	
TRNS	INVOICE	02/16/2021	Truck: 154	Accounts Receivable	154	0	78847	
SPL	INVOICE	02/16/2021	H-2	Sales Income	154	0.0	78847	0.05	0.0	
ENDTRNS	
TRNS	INVOICE	02/16/2021	Truck: 1905	Accounts Receivable	162	0	78848	
SPL	INVOICE	02/16/2021	H-2	Sales Income	162	0.0	78848	8.23	0.0	
ENDTRNS	
TRNS	INVOICE	02/16/2021	Truck: 1543	Accounts Receivable	154	0	78849	
SPL	INVOICE	02/16/2021	H2	Sales Income	154	0.0	78849	0.1	0.0	
ENDTRNS	
TRNS	INVOICE	02/16/2021	Truck: 1907	Accounts Receivable	162	0	78850	
SPL	INVOICE	02/16/2021	H-2	Sales Income	162	0.0	78850	6.7	0.0	
ENDTRNS	
TRNS	INVOICE	02/16/2021	Truck: Renee 2	Accounts Receivable	194	13.22	78851	
SPL	INVOICE	02/16/2021	H1	Sales Income	194	-13.22	78851	0.29	45.59	
ENDTRNS	
TRNS	INVOICE	02/16/2021	Truck: 154	Accounts Receivable	154	0	78852	
SPL	INVOICE	02/16/2021	I-2	Sales Income	154	0.0	78852	0.15	0.0	
ENDTRNS	
TRNS	INVOICE	02/16/2021	Truck: 182	Accounts Receivable	182	0	78853	
SPL	INVOICE	02/16/2021	H2	Sales Income	182	0.0	78853	0.14	0.0	
ENDTRNS	
TRNS	INVOICE	02/16/2021	Truck: 1923	Accounts Receivable	162	0	78854	
SPL	INVOICE	02/16/2021	H-2	Sales Income	162	0.0	78854	9.98	0.0	
ENDTRNS	
TRNS	INVOICE	02/16/2021	Truck: 154	Accounts Receivable	154	0	78855	
SPL	INVOICE	02/16/2021	H-2	Sales Income	154	0.0	78855	0.32	0.0	
ENDTRNS	
TRNS	INVOICE	02/16/2021	Truck: 182	Accounts Receivable	182	125.28	78856	
SPL	INVOICE	02/16/2021	I-1	Sales Income	182	-125.28	78856	6.96	18.0	
ENDTRNS	
TRNS	INVOICE	02/16/2021	Truck: 1920	Accounts Receivable	162	0	78857	
SPL	INVOICE	02/16/2021	H-2	Sales Income	162	0.0	78857	8.67	0.0	
ENDTRNS	
TRNS	INVOICE	02/16/2021	Truck: 1923	Accounts Receivable	162	0	78858	
SPL	INVOICE	02/16/2021	H-2	Sales Income	162	0.0	78858	9.5	0.0	
ENDTRNS	
TRNS	INVOICE	02/17/2021	Truck: 1001JCGCOM	Accounts Receivable	240	169.52	78859	
SPL	INVOICE	02/17/2021	H1	Sales Income	240	-169.52	78859	3.7175	45.6	
ENDTRNS	
TRNS	INVOICE	02/17/2021	Truck: 1891	Accounts Receivable	173	0	78860	
SPL	INVOICE	02/17/2021	H-3	Sales Income	173	0.0	78860	25.55	0.0	
ENDTRNS	
TRNS	INVOICE	02/17/2021	Truck: 154	Accounts Receivable	154	0	78861	
SPL	INVOICE	02/17/2021	I-2	Sales Income	154	0.0	78861	0.15	0.0	
ENDTRNS	
TRNS	INVOICE	02/17/2021	Truck: 154blk	Accounts Receivable	154	0	78862	
SPL	INVOICE	02/17/2021	H2	Sales Income	154	0.0	78862	0.05	0.0	
ENDTRNS	
TRNS	INVOICE	02/17/2021	Truck: 182	Accounts Receivable	239	62.93	78863	
SPL	INVOICE	02/17/2021	DC	Sales Income	239	-62.93	78863	1.38	45.6	
ENDTRNS	
TRNS	INVOICE	02/17/2021	Truck: 182	Accounts Receivable	182	9.58	78864	
SPL	INVOICE	02/17/2021	DC	Sales Income	182	-9.58	78864	0.21	45.62	
ENDTRNS	
TRNS	INVOICE	02/17/2021	Truck: 154	Accounts Receivable	154	0	78865	
SPL	INVOICE	02/17/2021	H-2	Sales Income	154	0.0	78865	0.59	0.0	
ENDTRNS	
TRNS	INVOICE	02/17/2021	Truck: 154titan	Accounts Receivable	154	0	78866	
SPL	INVOICE	02/17/2021	H2	Sales Income	154	0.0	78866	0.24	0.0	
ENDTRNS	
TRNS	INVOICE	02/17/2021	Truck: 1891	Accounts Receivable	173	0	78867	
SPL	INVOICE	02/17/2021	H-3	Sales Income	173	0.0	78867	26.69	0.0	
ENDTRNS	
TRNS	INVOICE	02/17/2021	Truck: 154s10	Accounts Receivable	154	0	78868	
SPL	INVOICE	02/17/2021	I-2	Sales Income	154	0.0	78868	0.21	0.0	
ENDTRNS	
TRNS	INVOICE	02/17/2021	Truck: 182red	Accounts Receivable	182	7.3	78869	
SPL	INVOICE	02/17/2021	DC	Sales Income	182	-7.3	78869	0.16	45.62	
ENDTRNS	
TRNS	INVOICE	02/17/2021	Truck: 154white	Accounts Receivable	154	0	78870	
SPL	INVOICE	02/17/2021	I-2	Sales Income	154	0.0	78870	1.37	0.0	
ENDTRNS	
TRNS	INVOICE	02/17/2021	Truck: 1904	Accounts Receivable	162	0	78871	
SPL	INVOICE	02/17/2021	H-2	Sales Income	162	0.0	78871	7.45	0.0	
ENDTRNS	
TRNS	INVOICE	02/17/2021	Truck: 154	Accounts Receivable	154	0	78872	
SPL	INVOICE	02/17/2021	H-2	Sales Income	154	0.0	78872	0.36	0.0	
ENDTRNS	
TRNS	INVOICE	02/17/2021	Truck: 182	Accounts Receivable	182	57.46	78873	
SPL	INVOICE	02/17/2021	DC	Sales Income	182	-57.46	78873	1.26	45.6	
ENDTRNS	
TRNS	INVOICE	02/17/2021	Truck: 182bob	Accounts Receivable	182	91.2	78874	
SPL	INVOICE	02/17/2021	DC	Sales Income	182	-91.2	78874	2	45.6	
ENDTRNS	
TRNS	INVOICE	02/17/2021	Truck: 182ram	Accounts Receivable	182	14.14	78875	
SPL	INVOICE	02/17/2021	DC	Sales Income	182	-14.14	78875	0.31	45.61	
ENDTRNS	
TRNS	INVOICE	02/17/2021	Truck: 182uhaul	Accounts Receivable	182	7.75	78876	
SPL	INVOICE	02/17/2021	DC	Sales Income	182	-7.75	78876	0.17	45.59	
ENDTRNS	
TRNS	INVOICE	02/17/2021	Truck: 1905	Accounts Receivable	162	0	78877	
SPL	INVOICE	02/17/2021	H-2	Sales Income	162	0.0	78877	5.77	0.0	
ENDTRNS	
TRNS	INVOICE	02/17/2021	Truck: 154white	Accounts Receivable	154	0	78878	
SPL	INVOICE	02/17/2021	H2	Sales Income	154	0.0	78878	0.83	0.0	
ENDTRNS	
TRNS	INVOICE	02/17/2021	Truck: 1904	Accounts Receivable	162	0	78879	
SPL	INVOICE	02/17/2021	H-2	Sales Income	162	0.0	78879	2.24	0.0	
ENDTRNS	
TRNS	INVOICE	02/17/2021	Truck: 1920	Accounts Receivable	162	0	78880	
SPL	INVOICE	02/17/2021	H-2	Sales Income	162	0.0	78880	7.58	0.0	
ENDTRNS	
TRNS	INVOICE	02/17/2021	Truck: 1923	Accounts Receivable	162	0	78881	
SPL	INVOICE	02/17/2021	H-2	Sales Income	162	0.0	78881	9.43	0.0	
ENDTRNS	
TRNS	INVOICE	02/17/2021	Truck: 154	Accounts Receivable	154	0	78882	
SPL	INVOICE	02/17/2021	H-2	Sales Income	154	0.0	78882	0.04	0.0	
ENDTRNS	
TRNS	INVOICE	02/17/2021	Truck: 1907	Accounts Receivable	162	0	78883	
SPL	INVOICE	02/17/2021	H-2	Sales Income	162	0.0	78883	5.3	0.0	
ENDTRNS	
TRNS	INVOICE	02/17/2021	Truck: 182152	Accounts Receivable	182	31.92	78884	
SPL	INVOICE	02/17/2021	DC	Sales Income	182	-31.92	78884	0.7	45.6	
ENDTRNS	
TRNS	INVOICE	02/17/2021	Truck: 1891	Accounts Receivable	173	0	78885	
SPL	INVOICE	02/17/2021	H-3	Sales Income	173	0.0	78885	25.3	0.0	
ENDTRNS	
TRNS	INVOICE	02/17/2021	Truck: 154gold	Accounts Receivable	154	0	78886	
SPL	INVOICE	02/17/2021	H2	Sales Income	154	0.0	78886	0.28	0.0	
ENDTRNS	
TRNS	INVOICE	02/17/2021	Truck: 1906	Accounts Receivable	162	0	78887	
SPL	INVOICE	02/17/2021	H-2	Sales Income	162	0.0	78887	8.41	0.0	
ENDTRNS	
TRNS	INVOICE	02/17/2021	Truck: 182blu	Accounts Receivable	182	19.61	78888	
SPL	INVOICE	02/17/2021	DC	Sales Income	182	-19.61	78888	0.43	45.6	
ENDTRNS	
TRNS	INVOICE	02/17/2021	Truck: 238	Accounts Receivable	238	35.11	78889	
SPL	INVOICE	02/17/2021	DC	Sales Income	238	-35.11	78889	0.77	45.6	
ENDTRNS	
TRNS	INVOICE	02/17/2021	Truck: 154gol	Accounts Receivable	154	0	78890	
SPL	INVOICE	02/17/2021	H2	Sales Income	154	0.0	78890	0.14	0.0	
ENDTRNS	
TRNS	INVOICE	02/17/2021	Truck: 182	Accounts Receivable	182	129.96	78891	
SPL	INVOICE	02/17/2021	I-1	Sales Income	182	-129.96	78891	7.22	18.0	
ENDTRNS	
TRNS	INVOICE	02/17/2021	Truck: 154	Accounts Receivable	154	0	78892	
SPL	INVOICE	02/17/2021	H-2	Sales Income	154	0.0	78892	0.13	0.0	
ENDTRNS	
TRNS	INVOICE	02/18/2021	Truck: 1001calcom	Accounts Receivable	240	109.9	78893	
SPL	INVOICE	02/18/2021	H1	Sales Income	240	-109.9	78893	2.41	45.6	
ENDTRNS	
TRNS	INVOICE	02/18/2021	Truck: 1891	Accounts Receivable	173	0	78894	
SPL	INVOICE	02/18/2021	H-3	Sales Income	173	0.0	78894	28.54	0.0	
ENDTRNS	
TRNS	INVOICE	02/18/2021	Truck: 405-1489	Accounts Receivable	150	0	78895	
SPL	INVOICE	02/18/2021	I-2	Sales Income	150	0.0	78895	0.37	0.0	
ENDTRNS	
TRNS	INVOICE	02/18/2021	Truck: 154	Accounts Receivable	154	0	78896	
SPL	INVOICE	02/18/2021	H-2	Sales Income	154	0.0	78896	0.17	0.0	
ENDTRNS	
TRNS	INVOICE	02/18/2021	Truck: 1921-C	Accounts Receivable	162	0	78897	
SPL	INVOICE	02/18/2021	H-2	Sales Income	162	0.0	78897	7.92	0.0	
ENDTRNS	
TRNS	INVOICE	02/18/2021	Truck: 405-1489	Accounts Receivable	150	0	78898	
SPL	INVOICE	02/18/2021	I-2	Sales Income	150	0.0	78898	0.4	0.0	
ENDTRNS	
TRNS	INVOICE	02/18/2021	Truck: 154	Accounts Receivable	154	0	78899	
SPL	INVOICE	02/18/2021	I-2	Sales Income	154	0.0	78899	1.16	0.0	
ENDTRNS	
TRNS	INVOICE	02/18/2021	Truck: 182	Accounts Receivable	182	0	78900	
SPL	INVOICE	02/18/2021	H2	Sales Income	182	0.0	78900	0.16	0.0	
ENDTRNS	
TRNS	INVOICE	02/18/2021	Truck: 154ROWE	Accounts Receivable	154	0	78901	
SPL	INVOICE	02/18/2021	H2	Sales Income	154	0.0	78901	0.63	0.0	
ENDTRNS	
TRNS	INVOICE	02/18/2021	Truck: 182	Accounts Receivable	182	53.81	78902	
SPL	INVOICE	02/18/2021	DC	Sales Income	182	-53.81	78902	1.18	45.6	
ENDTRNS	
TRNS	INVOICE	02/18/2021	Truck: 154red	Accounts Receivable	154	0	78903	
SPL	INVOICE	02/18/2021	H2	Sales Income	154	0.0	78903	0.17	0.0	
ENDTRNS	
TRNS	INVOICE	02/18/2021	Truck: 1921-C	Accounts Receivable	162	0	78904	
SPL	INVOICE	02/18/2021	H-2	Sales Income	162	0.0	78904	6.92	0.0	
ENDTRNS	
TRNS	INVOICE	02/18/2021	Truck: 238	Accounts Receivable	238	27.82	78905	
SPL	INVOICE	02/18/2021	DC	Sales Income	238	-27.82	78905	0.61	45.61	
ENDTRNS	
TRNS	INVOICE	02/18/2021	Truck: 154	Accounts Receivable	154	0	78906	
SPL	INVOICE	02/18/2021	H-2	Sales Income	154	0.0	78906	0.31	0.0	
ENDTRNS	
TRNS	INVOICE	02/18/2021	Truck: 1921-O	Accounts Receivable	162	0	78907	
SPL	INVOICE	02/18/2021	H-2	Sales Income	162	0.0	78907	0.72	0.0	
ENDTRNS	
TRNS	INVOICE	02/18/2021	Truck: 180	Accounts Receivable	180	14.59	78908	
SPL	INVOICE	02/18/2021	DC	Sales Income	180	-14.59	78908	0.32	45.59	
ENDTRNS	
TRNS	INVOICE	02/18/2021	Truck: 154	Accounts Receivable	154	0	78909	
SPL	INVOICE	02/18/2021	H-2	Sales Income	154	0.0	78909	0.11	0.0	
ENDTRNS	
TRNS	INVOICE	02/18/2021	Truck: 1921-O	Accounts Receivable	162	0	78910	
SPL	INVOICE	02/18/2021	H-2	Sales Income	162	0.0	78910	3.24	0.0	
ENDTRNS	
TRNS	INVOICE	02/18/2021	Truck: 1906	Accounts Receivable	162	0	78911	
SPL	INVOICE	02/18/2021	H-2	Sales Income	162	0.0	78911	6.29	0.0	
ENDTRNS	
TRNS	INVOICE	02/18/2021	Truck: 1891	Accounts Receivable	173	0	78912	
SPL	INVOICE	02/18/2021	H-3	Sales Income	173	0.0	78912	22.66	0.0	
ENDTRNS	
TRNS	INVOICE	02/18/2021	Truck: tim	Accounts Receivable	222	8.21	78913	
SPL	INVOICE	02/18/2021	AP 1	Sales Income	222	-8.21	78913	0.18	45.61	
ENDTRNS	
TRNS	INVOICE	02/18/2021	Truck: 154vr	Accounts Receivable	154	0	78914	
SPL	INVOICE	02/18/2021	H2	Sales Income	154	0.0	78914	0.16	0.0	
ENDTRNS	
TRNS	INVOICE	02/18/2021	Truck: 1904	Accounts Receivable	162	0	78915	
SPL	INVOICE	02/18/2021	H-2	Sales Income	162	0.0	78915	7.09	0.0	
ENDTRNS	
TRNS	INVOICE	02/18/2021	Truck: 180	Accounts Receivable	180	105.79	78916	
SPL	INVOICE	02/18/2021	DC	Sales Income	180	-105.79	78916	2.32	45.6	
ENDTRNS	
TRNS	INVOICE	02/18/2021	Truck: 1923	Accounts Receivable	162	0	78917	
SPL	INVOICE	02/18/2021	H-2	Sales Income	162	0.0	78917	7.81	0.0	
ENDTRNS	
TRNS	INVOICE	02/18/2021	Truck: Renee 2	Accounts Receivable	194	18.7	78918	
SPL	INVOICE	02/18/2021	H1	Sales Income	194	-18.7	78918	0.41	45.61	
ENDTRNS	
TRNS	INVOICE	02/18/2021	Truck: 1920	Accounts Receivable	162	0	78919	
SPL	INVOICE	02/18/2021	H-2	Sales Income	162	0.0	78919	6.42	0.0	
ENDTRNS	
TRNS	INVOICE	02/18/2021	Truck: 1542	Accounts Receivable	154	0	78920	
SPL	INVOICE	02/18/2021	H2	Sales Income	154	0.0	78920	0.1	0.0	
ENDTRNS	
TRNS	INVOICE	02/18/2021	Truck: 1548	Accounts Receivable	154	0	78921	
SPL	INVOICE	02/18/2021	H2	Sales Income	154	0.0	78921	0.07	0.0	
ENDTRNS	
TRNS	INVOICE	02/18/2021	Truck: 1907	Accounts Receivable	162	0	78922	
SPL	INVOICE	02/18/2021	H-2	Sales Income	162	0.0	78922	5.45	0.0	
ENDTRNS	
TRNS	INVOICE	02/18/2021	Truck: 154	Accounts Receivable	154	0	78923	
SPL	INVOICE	02/18/2021	H-2	Sales Income	154	0.0	78923	0.05	0.0	
ENDTRNS	
TRNS	INVOICE	02/18/2021	Truck: 182	Accounts Receivable	182	11.4	78924	
SPL	INVOICE	02/18/2021	DC	Sales Income	182	-11.4	78924	0.25	45.6	
ENDTRNS	
TRNS	INVOICE	02/18/2021	Truck: 1547	Accounts Receivable	154	0	78926	
SPL	INVOICE	02/18/2021	H2	Sales Income	154	0.0	78926	0.31	0.0	
ENDTRNS	
TRNS	INVOICE	02/18/2021	Truck: 1891	Accounts Receivable	173	0	78927	
SPL	INVOICE	02/18/2021	H-3	Sales Income	173	0.0	78927	29.13	0.0	
ENDTRNS	
TRNS	INVOICE	02/19/2021	Truck: 1001calcom	Accounts Receivable	240	135.89	78928	
SPL	INVOICE	02/19/2021	H1	Sales Income	240	-135.89	78928	2.98	45.6	
ENDTRNS	
TRNS	INVOICE	02/19/2021	Truck: 1921-C	Accounts Receivable	162	0	78929	
SPL	INVOICE	02/19/2021	H-2	Sales Income	162	0.0	78929	5.12	0.0	
ENDTRNS	
TRNS	INVOICE	02/19/2021	Truck: 154	Accounts Receivable	154	0	78930	
SPL	INVOICE	02/19/2021	H-2	Sales Income	154	0.0	78930	0.07	0.0	
ENDTRNS	
TRNS	INVOICE	02/19/2021	Truck: 182	Accounts Receivable	182	18.24	78931	
SPL	INVOICE	02/19/2021	DC	Sales Income	182	-18.24	78931	0.4	45.6	
ENDTRNS	
TRNS	INVOICE	02/19/2021	Truck: 154	Accounts Receivable	154	0	78932	
SPL	INVOICE	02/19/2021	H-2	Sales Income	154	0.0	78932	0.19	0.0	
ENDTRNS	
TRNS	INVOICE	02/19/2021	Truck: 154	Accounts Receivable	154	0	78933	
SPL	INVOICE	02/19/2021	H-2	Sales Income	154	0.0	78933	0.04	0.0	
ENDTRNS	
TRNS	INVOICE	02/19/2021	Truck: 1543	Accounts Receivable	154	0	78934	
SPL	INVOICE	02/19/2021	H2	Sales Income	154	0.0	78934	0.02	0.0	
ENDTRNS	
TRNS	INVOICE	02/19/2021	Truck: 154bm	Accounts Receivable	154	0	78935	
SPL	INVOICE	02/19/2021	H2	Sales Income	154	0.0	78935	0.08	0.0	
ENDTRNS	
TRNS	INVOICE	02/19/2021	Truck: 154	Accounts Receivable	154	0	78936	
SPL	INVOICE	02/19/2021	H-2	Sales Income	154	0.0	78936	0.1	0.0	
ENDTRNS	
TRNS	INVOICE	02/19/2021	Truck: 1542	Accounts Receivable	154	0	78937	
SPL	INVOICE	02/19/2021	H2	Sales Income	154	0.0	78937	2.06	0.0	
ENDTRNS	
TRNS	INVOICE	02/19/2021	Truck: 182	Accounts Receivable	182	35.11	78938	
SPL	INVOICE	02/19/2021	DC	Sales Income	182	-35.11	78938	0.77	45.6	
ENDTRNS	
TRNS	INVOICE	02/19/2021	Truck: 154	Accounts Receivable	154	0	78939	
SPL	INVOICE	02/19/2021	H-2	Sales Income	154	0.0	78939	1.03	0.0	
ENDTRNS	
TRNS	INVOICE	02/19/2021	Truck: 182fence o	Accounts Receivable	182	81.62	78940	
SPL	INVOICE	02/19/2021	DC	Sales Income	182	-81.62	78940	1.79	45.6	
ENDTRNS	
TRNS	INVOICE	02/19/2021	Truck: 177154	Accounts Receivable	154	0	78941	
SPL	INVOICE	02/19/2021	H2	Sales Income	154	0.0	78941	0.22	0.0	
ENDTRNS	
TRNS	INVOICE	02/19/2021	Truck: 1 2 3	Accounts Receivable	154	0	78942	
SPL	INVOICE	02/19/2021	H-2	Sales Income	154	0.0	78942	1.81	0.0	
ENDTRNS	
TRNS	INVOICE	02/19/2021	Truck: davis	Accounts Receivable	182	22.34	78943	
SPL	INVOICE	02/19/2021	DC	Sales Income	182	-22.34	78943	0.49	45.59	
ENDTRNS	
TRNS	INVOICE	02/19/2021	Truck: Renee 2	Accounts Receivable	194	10.49	78944	
SPL	INVOICE	02/19/2021	H1	Sales Income	194	-10.49	78944	0.23	45.61	
ENDTRNS	
TRNS	INVOICE	02/19/2021	Truck: 154	Accounts Receivable	154	0	78945	
SPL	INVOICE	02/19/2021	H-2	Sales Income	154	0.0	78945	0.14	0.0	
ENDTRNS	
TRNS	INVOICE	02/19/2021	Truck: gromes	Accounts Receivable	182	10.49	78946	
SPL	INVOICE	02/19/2021	DC	Sales Income	182	-10.49	78946	0.23	45.61	
ENDTRNS	
TRNS	INVOICE	02/19/2021	Truck: 1904	Accounts Receivable	162	0	78947	
SPL	INVOICE	02/19/2021	H-2	Sales Income	162	0.0	78947	7.73	0.0	
ENDTRNS	
TRNS	INVOICE	02/19/2021	Truck: 1923	Accounts Receivable	162	0	78948	
SPL	INVOICE	02/19/2021	H-2	Sales Income	162	0.0	78948	8.44	0.0	
ENDTRNS	
TRNS	INVOICE	02/19/2021	Truck: 1907	Accounts Receivable	162	0	78949	
SPL	INVOICE	02/19/2021	H-2	Sales Income	162	0.0	78949	7.77	0.0	
ENDTRNS	
TRNS	INVOICE	02/19/2021	Truck: 1891	Accounts Receivable	173	0	78950	
SPL	INVOICE	02/19/2021	H-3	Sales Income	173	0.0	78950	22.43	0.0	
ENDTRNS	
TRNS	INVOICE	02/19/2021	Truck: 1891	Accounts Receivable	173	0	78951	
SPL	INVOICE	02/19/2021	H-3	Sales Income	173	0.0	78951	22.3	0.0	
ENDTRNS	
TRNS	INVOICE	02/19/2021	Truck: 1920	Accounts Receivable	162	0	78952	
SPL	INVOICE	02/19/2021	H-2	Sales Income	162	0.0	78952	6.44	0.0	
ENDTRNS	
TRNS	INVOICE	02/19/2021	Truck: final fenc	Accounts Receivable	182	73.87	78953	
SPL	INVOICE	02/19/2021	DC	Sales Income	182	-73.87	78953	1.62	45.6	
ENDTRNS	
TRNS	INVOICE	02/19/2021	Truck: 154	Accounts Receivable	154	0	78954	
SPL	INVOICE	02/19/2021	H-2	Sales Income	154	0.0	78954	0.17	0.0	
ENDTRNS	
TRNS	INVOICE	02/19/2021	Truck: 154	Accounts Receivable	154	0	78955	
SPL	INVOICE	02/19/2021	H-2	Sales Income	154	0.0	78955	0.23	0.0	
ENDTRNS	
TRNS	INVOICE	02/19/2021	Truck: 1906	Accounts Receivable	162	0	78956	
SPL	INVOICE	02/19/2021	H-2	Sales Income	162	0.0	78956	8.31	0.0	
ENDTRNS	
TRNS	INVOICE	02/19/2021	Truck: 154	Accounts Receivable	154	0	78957	
SPL	INVOICE	02/19/2021	H-2	Sales Income	154	0.0	78957	0.21	0.0	
ENDTRNS	
TRNS	INVOICE	02/19/2021	Truck: 154bed	Accounts Receivable	154	0	78958	
SPL	INVOICE	02/19/2021	H2	Sales Income	154	0.0	78958	0.61	0.0	
ENDTRNS	
TRNS	INVOICE	02/19/2021	Truck: 182fence	Accounts Receivable	182	76.15	78959	
SPL	INVOICE	02/19/2021	DC	Sales Income	182	-76.15	78959	1.67	45.6	
ENDTRNS	
TRNS	INVOICE	02/19/2021	Truck: 154blk	Accounts Receivable	154	0	78960	
SPL	INVOICE	02/19/2021	H2	Sales Income	154	0.0	78960	0.1	0.0	
ENDTRNS	
TRNS	INVOICE	02/19/2021	Truck: 154	Accounts Receivable	154	0	78961	
SPL	INVOICE	02/19/2021	H-2	Sales Income	154	0.0	78961	0.52	0.0	
ENDTRNS	
TRNS	INVOICE	02/19/2021	Truck: 1544x4	Accounts Receivable	154	0	78962	
SPL	INVOICE	02/19/2021	H2	Sales Income	154	0.0	78962	0.13	0.0	
ENDTRNS	
TRNS	INVOICE	02/19/2021	Truck: 154blk	Accounts Receivable	154	0	78963	
SPL	INVOICE	02/19/2021	H2	Sales Income	154	0.0	78963	0.28	0.0	
ENDTRNS	
TRNS	INVOICE	02/19/2021	Truck: 154jack	Accounts Receivable	154	0	78964	
SPL	INVOICE	02/19/2021	H2	Sales Income	154	0.0	78964	0.14	0.0	
ENDTRNS	
TRNS	INVOICE	02/19/2021	Truck: 182fence	Accounts Receivable	182	96.67	78965	
SPL	INVOICE	02/19/2021	DC	Sales Income	182	-96.67	78965	2.12	45.6	
ENDTRNS	
TRNS	INVOICE	02/19/2021	Truck: 154	Accounts Receivable	154	0	78966	
SPL	INVOICE	02/19/2021	H-2	Sales Income	154	0.0	78966	0.18	0.0	
ENDTRNS	
TRNS	INVOICE	02/19/2021	Truck: 1542	Accounts Receivable	154	0	78967	
SPL	INVOICE	02/19/2021	H2	Sales Income	154	0.0	78967	0.07	0.0	
ENDTRNS	
TRNS	INVOICE	02/19/2021	Truck: 154	Accounts Receivable	154	0	78968	
SPL	INVOICE	02/19/2021	H-2	Sales Income	154	0.0	78968	0.05	0.0	
ENDTRNS	
TRNS	INVOICE	02/19/2021	Truck: 1542	Accounts Receivable	154	0	78969	
SPL	INVOICE	02/19/2021	H2	Sales Income	154	0.0	78969	0.31	0.0	
ENDTRNS	
TRNS	INVOICE	02/19/2021	Truck: 1891	Accounts Receivable	173	0	78970	
SPL	INVOICE	02/19/2021	H-3	Sales Income	173	0.0	78970	32.42	0.0	
ENDTRNS	
TRNS	INVOICE	02/20/2021	Truck: 154	Accounts Receivable	154	0	78971	
SPL	INVOICE	02/20/2021	H-2	Sales Income	154	0.0	78971	0.03	0.0	
ENDTRNS	
TRNS	INVOICE	02/20/2021	Truck: 154	Accounts Receivable	154	0	78972	
SPL	INVOICE	02/20/2021	H-2	Sales Income	154	0.0	78972	0.2	0.0	
ENDTRNS	
TRNS	INVOICE	02/20/2021	Truck: 182	Accounts Receivable	182	5.47	78973	
SPL	INVOICE	02/20/2021	DC	Sales Income	182	-5.47	78973	0.12	45.58	
ENDTRNS	
TRNS	INVOICE	02/20/2021	Truck: 154	Accounts Receivable	154	0	78974	
SPL	INVOICE	02/20/2021	H-2	Sales Income	154	0.0	78974	0.06	0.0	
ENDTRNS	
TRNS	INVOICE	02/20/2021	Truck: 154dog	Accounts Receivable	154	0	78975	
SPL	INVOICE	02/20/2021	H2	Sales Income	154	0.0	78975	0.56	0.0	
ENDTRNS	
TRNS	INVOICE	02/20/2021	Truck: 1278	Accounts Receivable	154	0	78976	
SPL	INVOICE	02/20/2021	H2	Sales Income	154	0.0	78976	0.28	0.0	
ENDTRNS	
TRNS	INVOICE	02/20/2021	Truck: 154red	Accounts Receivable	154	0	78977	
SPL	INVOICE	02/20/2021	H2	Sales Income	154	0.0	78977	0.09	0.0	
ENDTRNS	
TRNS	INVOICE	02/20/2021	Truck: 154	Accounts Receivable	154	0	78978	
SPL	INVOICE	02/20/2021	H-2	Sales Income	154	0.0	78978	0.05	0.0	
ENDTRNS	
TRNS	INVOICE	02/20/2021	Truck: 154	Accounts Receivable	154	0	78979	
SPL	INVOICE	02/20/2021	H-2	Sales Income	154	0.0	78979	0.07	0.0	
ENDTRNS	
TRNS	INVOICE	02/20/2021	Truck: 154	Accounts Receivable	154	0	78980	
SPL	INVOICE	02/20/2021	H-2	Sales Income	154	0.0	78980	1.4	0.0	
ENDTRNS	
TRNS	INVOICE	02/20/2021	Truck: 1542	Accounts Receivable	154	0	78981	
SPL	INVOICE	02/20/2021	H2	Sales Income	154	0.0	78981	0.1	0.0	
ENDTRNS	
TRNS	INVOICE	02/20/2021	Truck: 1543	Accounts Receivable	154	0	78982	
SPL	INVOICE	02/20/2021	H2	Sales Income	154	0.0	78982	0.2	0.0	
ENDTRNS	
TRNS	INVOICE	02/20/2021	Truck: 182	Accounts Receivable	182	16.87	78983	
SPL	INVOICE	02/20/2021	DC	Sales Income	182	-16.87	78983	0.37	45.59	
ENDTRNS	
TRNS	INVOICE	02/20/2021	Truck: 227154	Accounts Receivable	154	0	78984	
SPL	INVOICE	02/20/2021	H2	Sales Income	154	0.0	78984	0.1	0.0	
ENDTRNS	
TRNS	INVOICE	02/20/2021	Truck: 253154	Accounts Receivable	154	0	78985	
SPL	INVOICE	02/20/2021	I-2	Sales Income	154	0.0	78985	0.2	0.0	
ENDTRNS	
TRNS	INVOICE	02/20/2021	Truck: 154red	Accounts Receivable	154	0	78986	
SPL	INVOICE	02/20/2021	I-2	Sales Income	154	0.0	78986	0.56	0.0	
ENDTRNS	
TRNS	INVOICE	02/20/2021	Truck: 219154	Accounts Receivable	154	0	78987	
SPL	INVOICE	02/20/2021	H2	Sales Income	154	0.0	78987	0.94	0.0	
ENDTRNS	
TRNS	INVOICE	02/20/2021	Truck: 154doc	Accounts Receivable	154	0	78988	
SPL	INVOICE	02/20/2021	H2	Sales Income	154	0.0	78988	0.04	0.0	
ENDTRNS	
TRNS	INVOICE	02/20/2021	Truck: 414154	Accounts Receivable	154	0	78989	
SPL	INVOICE	02/20/2021	H2	Sales Income	154	0.0	78989	0.06	0.0	
ENDTRNS	
TRNS	INVOICE	02/20/2021	Truck: 268182	Accounts Receivable	182	6.84	78990	
SPL	INVOICE	02/20/2021	DC	Sales Income	182	-6.84	78990	0.15	45.6	
ENDTRNS	
TRNS	INVOICE	02/20/2021	Truck: 116154	Accounts Receivable	154	0	78991	
SPL	INVOICE	02/20/2021	H2	Sales Income	154	0.0	78991	0.12	0.0	
ENDTRNS	
TRNS	INVOICE	02/20/2021	Truck: grngmc	Accounts Receivable	154	0	78992	
SPL	INVOICE	02/20/2021	H2	Sales Income	154	0.0	78992	0.25	0.0	
ENDTRNS	
TRNS	INVOICE	02/20/2021	Truck: 154hat	Accounts Receivable	154	0	78993	
SPL	INVOICE	02/20/2021	H2	Sales Income	154	0.0	78993	0.06	0.0	
ENDTRNS	
TRNS	INVOICE	02/20/2021	Truck: 238	Accounts Receivable	238	70.22	78994	
SPL	INVOICE	02/20/2021	DC	Sales Income	238	-70.22	78994	1.54	45.6	
ENDTRNS	
TRNS	INVOICE	02/20/2021	Truck: 88154	Accounts Receivable	154	0	78995	
SPL	INVOICE	02/20/2021	H2	Sales Income	154	0.0	78995	0.11	0.0	
ENDTRNS	
TRNS	INVOICE	02/20/2021	Truck: 2626154	Accounts Receivable	154	0	78996	
SPL	INVOICE	02/20/2021	H2	Sales Income	154	0.0	78996	0.24	0.0	
ENDTRNS	
TRNS	INVOICE	02/20/2021	Truck: 154grey	Accounts Receivable	154	0	78997	
SPL	INVOICE	02/20/2021	H2	Sales Income	154	0.0	78997	0.7	0.0	
ENDTRNS	
TRNS	INVOICE	02/20/2021	Truck: jeff	Accounts Receivable	154	0	78998	
SPL	INVOICE	02/20/2021	H2	Sales Income	154	0.0	78998	1.25	0.0	
ENDTRNS	
TRNS	INVOICE	02/20/2021	Truck: 39154	Accounts Receivable	154	0	78999	
SPL	INVOICE	02/20/2021	H2	Sales Income	154	0.0	78999	0.29	0.0	
ENDTRNS	
TRNS	INVOICE	02/20/2021	Truck: 850182	Accounts Receivable	182	15.96	79000	
SPL	INVOICE	02/20/2021	DC	Sales Income	182	-15.96	79000	0.35	45.6	
ENDTRNS	
TRNS	INVOICE	02/20/2021	Truck: 1535182	Accounts Receivable	182	25.99	79001	
SPL	INVOICE	02/20/2021	DC	Sales Income	182	-25.99	79001	0.57	45.6	
ENDTRNS	
TRNS	INVOICE	02/20/2021	Truck: 182gmc	Accounts Receivable	182	35.57	79002	
SPL	INVOICE	02/20/2021	DC	Sales Income	182	-35.57	79002	0.78	45.6	
ENDTRNS	
TRNS	INVOICE	02/20/2021	Truck: 1161	Accounts Receivable	154	0	79003	
SPL	INVOICE	02/20/2021	H2	Sales Income	154	0.0	79003	0.16	0.0	
ENDTRNS	
TRNS	INVOICE	02/20/2021	Truck: 3855	Accounts Receivable	182	0	79004	
SPL	INVOICE	02/20/2021	H2	Sales Income	182	0.0	79004	0.13	0.0	
ENDTRNS	
TRNS	INVOICE	02/20/2021	Truck: 154	Accounts Receivable	154	0	79005	
SPL	INVOICE	02/20/2021	I-2	Sales Income	154	0.0	79005	0.68	0.0	
ENDTRNS	
TRNS	INVOICE	02/20/2021	Truck: 154paint	Accounts Receivable	154	0	79006	
SPL	INVOICE	02/20/2021	H2	Sales Income	154	0.0	79006	0.06	0.0	
ENDTRNS	
TRNS	INVOICE	02/20/2021	Truck: jeff	Accounts Receivable	154	0	79007	
SPL	INVOICE	02/20/2021	H2	Sales Income	154	0.0	79007	0.05	0.0	
ENDTRNS	
TRNS	INVOICE	02/20/2021	Truck: 32154	Accounts Receivable	154	0	79008	
SPL	INVOICE	02/20/2021	H2	Sales Income	154	0.0	79008	0.49	0.0	
ENDTRNS	
TRNS	INVOICE	02/20/2021	Truck: 1547	Accounts Receivable	154	0	79009	
SPL	INVOICE	02/20/2021	H2	Sales Income	154	0.0	79009	0.25	0.0	
ENDTRNS	
TRNS	INVOICE	02/20/2021	Truck: 154fancy	Accounts Receivable	154	0	79010	
SPL	INVOICE	02/20/2021	H2	Sales Income	154	0.0	79010	0.08	0.0	
ENDTRNS	
TRNS	INVOICE	02/20/2021	Truck: 154whi	Accounts Receivable	154	0	79011	
SPL	INVOICE	02/20/2021	H2	Sales Income	154	0.0	79011	0.04	0.0	
ENDTRNS	
TRNS	INVOICE	02/20/2021	Truck: 144tan	Accounts Receivable	154	0	79012	
SPL	INVOICE	02/20/2021	H2	Sales Income	154	0.0	79012	1.45	0.0	
ENDTRNS	
TRNS	INVOICE	02/20/2021	Truck: igreen	Accounts Receivable	239	185.14	79013	
SPL	INVOICE	02/20/2021	DC	Sales Income	239	-185.14	79013	4.06	45.6	
ENDTRNS	
TRNS	INVOICE	02/20/2021	Truck: WHitgmc	Accounts Receivable	154	0	79014	
SPL	INVOICE	02/20/2021	I-2	Sales Income	154	0.0	79014	0.02	0.0	
ENDTRNS	
TRNS	INVOICE	02/20/2021	Truck: 1547	Accounts Receivable	154	0	79015	
SPL	INVOICE	02/20/2021	I-2	Sales Income	154	0.0	79015	2.12	0.0	
ENDTRNS	
TRNS	INVOICE	02/20/2021	Truck: dullred	Accounts Receivable	154	0	79016	
SPL	INVOICE	02/20/2021	H2	Sales Income	154	0.0	79016	0.26	0.0	
ENDTRNS	
TRNS	INVOICE	02/20/2021	Truck: 141182	Accounts Receivable	182	61.56	79017	
SPL	INVOICE	02/20/2021	DC	Sales Income	182	-61.56	79017	1.35	45.6	
ENDTRNS	
TRNS	INVOICE	02/20/2021	Truck: 225182	Accounts Receivable	182	27.36	79018	
SPL	INVOICE	02/20/2021	DC	Sales Income	182	-27.36	79018	0.6	45.6	
ENDTRNS	
TRNS	INVOICE	02/20/2021	Truck: 3348	Accounts Receivable	154	0	79019	
SPL	INVOICE	02/20/2021	H2	Sales Income	154	0.0	79019	0.58	0.0	
ENDTRNS	
TRNS	INVOICE	02/20/2021	Truck: fancy	Accounts Receivable	154	0	79020	
SPL	INVOICE	02/20/2021	H2	Sales Income	154	0.0	79020	0.17	0.0	
ENDTRNS	
TRNS	INVOICE	02/20/2021	Truck: 99154	Accounts Receivable	154	16.42	79021	
SPL	INVOICE	02/20/2021	DC	Sales Income	154	-16.42	79021	0.36	45.61	
ENDTRNS	
TRNS	INVOICE	02/20/2021	Truck: gren154	Accounts Receivable	154	0	79022	
SPL	INVOICE	02/20/2021	H2	Sales Income	154	0.0	79022	0.07	0.0	
ENDTRNS	
TRNS	INVOICE	02/20/2021	Truck: 154blu	Accounts Receivable	154	0	79023	
SPL	INVOICE	02/20/2021	H2	Sales Income	154	0.0	79023	0.07	0.0	
ENDTRNS	
TRNS	INVOICE	02/20/2021	Truck: Redjeep	Accounts Receivable	154	0	79024	
SPL	INVOICE	02/20/2021	H2	Sales Income	154	0.0	79024	0.25	0.0	
ENDTRNS	
TRNS	INVOICE	02/20/2021	Truck: Sam	Accounts Receivable	154	0	79025	
SPL	INVOICE	02/20/2021	I-2	Sales Income	154	0.0	79025	0.14	0.0	
ENDTRNS	
TRNS	INVOICE	02/20/2021	Truck: 882182	Accounts Receivable	182	11.4	79026	
SPL	INVOICE	02/20/2021	DC	Sales Income	182	-11.4	79026	0.25	45.6	
ENDTRNS	
TRNS	INVOICE	02/20/2021	Truck: 154	Accounts Receivable	154	0	79027	
SPL	INVOICE	02/20/2021	I-2	Sales Income	154	0.0	79027	0.36	0.0	
ENDTRNS	
TRNS	INVOICE	02/20/2021	Truck: 154melo	Accounts Receivable	154	0	79028	
SPL	INVOICE	02/20/2021	H2	Sales Income	154	0.0	79028	0.15	0.0	
ENDTRNS	
TRNS	INVOICE	02/20/2021	Truck: 5879	Accounts Receivable	154	0	79029	
SPL	INVOICE	02/20/2021	H2	Sales Income	154	0.0	79029	0.24	0.0	
ENDTRNS	
TRNS	INVOICE	02/20/2021	Truck: 154gre	Accounts Receivable	154	0	79030	
SPL	INVOICE	02/20/2021	H2	Sales Income	154	0.0	79030	0.19	0.0	
ENDTRNS	
TRNS	INVOICE	02/22/2021	Truck: 1001JCGCOM	Accounts Receivable	240	0	79032	
SPL	INVOICE	02/22/2021	H-1	Sales Income	240	0.0	79032	4.0175	0.0	
ENDTRNS	
TRNS	INVOICE	02/22/2021	Truck: 1001JCGCOM	Accounts Receivable	240	180.46	79033	
SPL	INVOICE	02/22/2021	H1	Sales Income	240	-180.46	79033	3.9575	45.6	
ENDTRNS	
TRNS	INVOICE	02/22/2021	Truck: 238	Accounts Receivable	238	56.09	79034	
SPL	INVOICE	02/22/2021	DC	Sales Income	238	-56.09	79034	1.23	45.6	
ENDTRNS	
TRNS	INVOICE	02/22/2021	Truck: 1891	Accounts Receivable	173	0	79035	
SPL	INVOICE	02/22/2021	H-3	Sales Income	173	0.0	79035	23.4	0.0	
ENDTRNS	
TRNS	INVOICE	02/22/2021	Truck: 154	Accounts Receivable	154	0	79036	
SPL	INVOICE	02/22/2021	H-2	Sales Income	154	0.0	79036	0.47	0.0	
ENDTRNS	
TRNS	INVOICE	02/22/2021	Truck: 1921-I	Accounts Receivable	162	0	79037	
SPL	INVOICE	02/22/2021	H2	Sales Income	162	0.0	79037	1.41	0.0	
ENDTRNS	
TRNS	INVOICE	02/22/2021	Truck: 182	Accounts Receivable	128	5.93	79038	
SPL	INVOICE	02/22/2021	AP 1	Sales Income	128	-5.93	79038	0.13	45.62	
ENDTRNS	
TRNS	INVOICE	02/22/2021	Truck: 1821	Accounts Receivable	182	11.4	79039	
SPL	INVOICE	02/22/2021	DC	Sales Income	182	-11.4	79039	0.25	45.6	
ENDTRNS	
TRNS	INVOICE	02/22/2021	Truck: 182	Accounts Receivable	239	74.78	79040	
SPL	INVOICE	02/22/2021	DC	Sales Income	239	-74.78	79040	1.64	45.6	
ENDTRNS	
TRNS	INVOICE	02/22/2021	Truck: 154	Accounts Receivable	154	0	79042	
SPL	INVOICE	02/22/2021	H-2	Sales Income	154	0.0	79042	0.59	0.0	
ENDTRNS	
TRNS	INVOICE	02/22/2021	Truck: 1921-O	Accounts Receivable	162	0	79043	
SPL	INVOICE	02/22/2021	H-2	Sales Income	162	0.0	79043	2.37	0.0	
ENDTRNS	
TRNS	INVOICE	02/22/2021	Truck: 182home	Accounts Receivable	182	54.72	79044	
SPL	INVOICE	02/22/2021	DC	Sales Income	182	-54.72	79044	1.2	45.6	
ENDTRNS	
TRNS	INVOICE	02/22/2021	Truck: 154bl	Accounts Receivable	154	0	79045	
SPL	INVOICE	02/22/2021	H2	Sales Income	154	0.0	79045	0.11	0.0	
ENDTRNS	
TRNS	INVOICE	02/22/2021	Truck: 154duel	Accounts Receivable	154	0	79046	
SPL	INVOICE	02/22/2021	H2	Sales Income	154	0.0	79046	0.4	0.0	
ENDTRNS	
TRNS	INVOICE	02/22/2021	Truck: 182	Accounts Receivable	120	15.5	79047	
SPL	INVOICE	02/22/2021	DC	Sales Income	120	-15.5	79047	0.34	45.59	
ENDTRNS	
TRNS	INVOICE	02/22/2021	Truck: 1921-C	Accounts Receivable	162	0	79048	
SPL	INVOICE	02/22/2021	H-2	Sales Income	162	0.0	79048	9.84	0.0	
ENDTRNS	
TRNS	INVOICE	02/22/2021	Truck: 154h	Accounts Receivable	154	0	79049	
SPL	INVOICE	02/22/2021	H2	Sales Income	154	0.0	79049	0.08	0.0	
ENDTRNS	
TRNS	INVOICE	02/22/2021	Truck: 154	Accounts Receivable	154	0	79050	
SPL	INVOICE	02/22/2021	H-2	Sales Income	154	0.0	79050	0.33	0.0	
ENDTRNS	
TRNS	INVOICE	02/22/2021	Truck: 154joe	Accounts Receivable	154	0	79051	
SPL	INVOICE	02/22/2021	H2	Sales Income	154	0.0	79051	0.07	0.0	
ENDTRNS	
TRNS	INVOICE	02/22/2021	Truck: 154	Accounts Receivable	236	0	79052	
SPL	INVOICE	02/22/2021	H2	Sales Income	236	0.0	79052	0.74	0.0	
ENDTRNS	
TRNS	INVOICE	02/22/2021	Truck: 1904	Accounts Receivable	162	0	79053	
SPL	INVOICE	02/22/2021	H-2	Sales Income	162	0.0	79053	4.81	0.0	
ENDTRNS	
TRNS	INVOICE	02/22/2021	Truck: 154	Accounts Receivable	154	0	79054	
SPL	INVOICE	02/22/2021	H-2	Sales Income	154	0.0	79054	0.07	0.0	
ENDTRNS	
TRNS	INVOICE	02/22/2021	Truck: 1921-O	Accounts Receivable	162	0	79055	
SPL	INVOICE	02/22/2021	H-2	Sales Income	162	0.0	79055	3.29	0.0	
ENDTRNS	
TRNS	INVOICE	02/22/2021	Truck: 154sil	Accounts Receivable	154	0	79056	
SPL	INVOICE	02/22/2021	I-2	Sales Income	154	0.0	79056	0.52	0.0	
ENDTRNS	
TRNS	INVOICE	02/22/2021	Truck: 154	Accounts Receivable	154	0	79057	
SPL	INVOICE	02/22/2021	H-2	Sales Income	154	0.0	79057	0.06	0.0	
ENDTRNS	
TRNS	INVOICE	02/22/2021	Truck: 182	Accounts Receivable	182	0	79058	
SPL	INVOICE	02/22/2021	H2	Sales Income	182	0.0	79058	1.47	0.0	
ENDTRNS	
TRNS	INVOICE	02/22/2021	Truck: 154loud	Accounts Receivable	154	0	79059	
SPL	INVOICE	02/22/2021	H2	Sales Income	154	0.0	79059	0.29	0.0	
ENDTRNS	
TRNS	INVOICE	02/22/2021	Truck: 154	Accounts Receivable	154	0	79060	
SPL	INVOICE	02/22/2021	H-2	Sales Income	154	0.0	79060	0.17	0.0	
ENDTRNS	
TRNS	INVOICE	02/22/2021	Truck: 154	Accounts Receivable	236	0	79061	
SPL	INVOICE	02/22/2021	H2	Sales Income	236	0.0	79061	0.62	0.0	
ENDTRNS	
TRNS	INVOICE	02/22/2021	Truck: 182	Accounts Receivable	182	16.87	79062	
SPL	INVOICE	02/22/2021	DC	Sales Income	182	-16.87	79062	0.37	45.59	
ENDTRNS	
TRNS	INVOICE	02/22/2021	Truck: 182ins	Accounts Receivable	182	9.12	79063	
SPL	INVOICE	02/22/2021	DC	Sales Income	182	-9.12	79063	0.2	45.6	
ENDTRNS	
TRNS	INVOICE	02/22/2021	Truck: 1921-O	Accounts Receivable	162	0	79064	
SPL	INVOICE	02/22/2021	H-2	Sales Income	162	0.0	79064	2.56	0.0	
ENDTRNS	
TRNS	INVOICE	02/22/2021	Truck: 154lyl	Accounts Receivable	154	0	79065	
SPL	INVOICE	02/22/2021	H2	Sales Income	154	0.0	79065	0.77	0.0	
ENDTRNS	
TRNS	INVOICE	02/22/2021	Truck: Renee 2	Accounts Receivable	194	16.42	79066	
SPL	INVOICE	02/22/2021	H1	Sales Income	194	-16.42	79066	0.36	45.61	
ENDTRNS	
TRNS	INVOICE	02/22/2021	Truck: CoH2	Accounts Receivable	154	0	79067	
SPL	INVOICE	02/22/2021	H-2	Sales Income	154	0.0	79067	0.48	0.0	
ENDTRNS	
TRNS	INVOICE	02/22/2021	Truck: 154	Accounts Receivable	154	0	79068	
SPL	INVOICE	02/22/2021	H-2	Sales Income	154	0.0	79068	0.16	0.0	
ENDTRNS	
TRNS	INVOICE	02/22/2021	Truck: 1904	Accounts Receivable	162	0	79069	
SPL	INVOICE	02/22/2021	H-2	Sales Income	162	0.0	79069	5.53	0.0	
ENDTRNS	
TRNS	INVOICE	02/22/2021	Truck: 1 2 3	Accounts Receivable	154	0	79070	
SPL	INVOICE	02/22/2021	H-2	Sales Income	154	0.0	79070	1.62	0.0	
ENDTRNS	
TRNS	INVOICE	02/22/2021	Truck: 1907	Accounts Receivable	162	0	79071	
SPL	INVOICE	02/22/2021	H-2	Sales Income	162	0.0	79071	10.39	0.0	
ENDTRNS	
TRNS	INVOICE	02/22/2021	Truck: 1903	Accounts Receivable	162	0	79072	
SPL	INVOICE	02/22/2021	H-2	Sales Income	162	0.0	79072	7.27	0.0	
ENDTRNS	
TRNS	INVOICE	02/22/2021	Truck: 1923	Accounts Receivable	162	0	79073	
SPL	INVOICE	02/22/2021	H-2	Sales Income	162	0.0	79073	11.13	0.0	
ENDTRNS	
TRNS	INVOICE	02/22/2021	Truck: 1906	Accounts Receivable	162	0	79074	
SPL	INVOICE	02/22/2021	H-2	Sales Income	162	0.0	79074	10.33	0.0	
ENDTRNS	
TRNS	INVOICE	02/22/2021	Truck: 182	Accounts Receivable	182	84.82	79075	
SPL	INVOICE	02/22/2021	DC	Sales Income	182	-84.82	79075	1.86	45.6	
ENDTRNS	
TRNS	INVOICE	02/22/2021	Truck: 154	Accounts Receivable	154	0	79076	
SPL	INVOICE	02/22/2021	H-2	Sales Income	154	0.0	79076	0.14	0.0	
ENDTRNS	
TRNS	INVOICE	02/22/2021	Truck: 154fo	Accounts Receivable	154	0	79077	
SPL	INVOICE	02/22/2021	I-2	Sales Income	154	0.0	79077	0.04	0.0	
ENDTRNS	
TRNS	INVOICE	02/22/2021	Truck: 182	Accounts Receivable	182	15.96	79078	
SPL	INVOICE	02/22/2021	DC	Sales Income	182	-15.96	79078	0.35	45.6	
ENDTRNS	
TRNS	INVOICE	02/22/2021	Truck: 154	Accounts Receivable	154	0	79080	
SPL	INVOICE	02/22/2021	I-2	Sales Income	154	0.0	79080	1.11	0.0	
ENDTRNS	
TRNS	INVOICE	02/22/2021	Truck: 182dump	Accounts Receivable	182	179.66	79081	
SPL	INVOICE	02/22/2021	DC	Sales Income	182	-179.66	79081	3.94	45.6	
ENDTRNS	
TRNS	INVOICE	02/22/2021	Truck: CoH2	Accounts Receivable	154	0	79082	
SPL	INVOICE	02/22/2021	I-2	Sales Income	154	0.0	79082	0.25	0.0	
ENDTRNS	
TRNS	INVOICE	02/22/2021	Truck: 182	Accounts Receivable	182	10.49	79083	
SPL	INVOICE	02/22/2021	DC	Sales Income	182	-10.49	79083	0.23	45.61	
ENDTRNS	
TRNS	INVOICE	02/23/2021	Truck: 1001JCGCOM	Accounts Receivable	240	0	79084	
SPL	INVOICE	02/23/2021	H-1	Sales Income	240	0.0	79084	3.5275	0.0	
ENDTRNS	
TRNS	INVOICE	02/23/2021	Truck: 1001JCGCOM	Accounts Receivable	240	160.85	79085	
SPL	INVOICE	02/23/2021	H1	Sales Income	240	-160.85	79085	3.5275	45.6	
ENDTRNS	
TRNS	INVOICE	02/23/2021	Truck: 1891	Accounts Receivable	173	0	79086	
SPL	INVOICE	02/23/2021	H-3	Sales Income	173	0.0	79086	18.67	0.0	
ENDTRNS	
TRNS	INVOICE	02/23/2021	Truck: 154tun	Accounts Receivable	154	0	79087	
SPL	INVOICE	02/23/2021	H2	Sales Income	154	0.0	79087	0.15	0.0	
ENDTRNS	
TRNS	INVOICE	02/23/2021	Truck: 182bram	Accounts Receivable	182	9.12	79088	
SPL	INVOICE	02/23/2021	DC	Sales Income	182	-9.12	79088	0.2	45.6	
ENDTRNS	
TRNS	INVOICE	02/23/2021	Truck: 154spo	Accounts Receivable	154	0	79089	
SPL	INVOICE	02/23/2021	H2	Sales Income	154	0.0	79089	0.39	0.0	
ENDTRNS	
TRNS	INVOICE	02/23/2021	Truck: 154w4x4	Accounts Receivable	154	0	79090	
SPL	INVOICE	02/23/2021	H2	Sales Income	154	0.0	79090	0.09	0.0	
ENDTRNS	
TRNS	INVOICE	02/23/2021	Truck: 154red150	Accounts Receivable	154	0	79091	
SPL	INVOICE	02/23/2021	H2	Sales Income	154	0.0	79091	0.21	0.0	
ENDTRNS	
TRNS	INVOICE	02/23/2021	Truck: 182white	Accounts Receivable	182	3.65	79092	
SPL	INVOICE	02/23/2021	DC	Sales Income	182	-3.65	79092	0.08	45.62	
ENDTRNS	
TRNS	INVOICE	02/23/2021	Truck: 154red2500	Accounts Receivable	154	0	79093	
SPL	INVOICE	02/23/2021	H2	Sales Income	154	0.0	79093	0.16	0.0	
ENDTRNS	
TRNS	INVOICE	02/23/2021	Truck: 182gryram	Accounts Receivable	182	14.14	79094	
SPL	INVOICE	02/23/2021	DC	Sales Income	182	-14.14	79094	0.31	45.61	
ENDTRNS	
TRNS	INVOICE	02/23/2021	Truck: 154duel	Accounts Receivable	154	0	79095	
SPL	INVOICE	02/23/2021	H2	Sales Income	154	0.0	79095	0.07	0.0	
ENDTRNS	
TRNS	INVOICE	02/23/2021	Truck: 154gry150	Accounts Receivable	154	0	79096	
SPL	INVOICE	02/23/2021	I-2	Sales Income	154	0.0	79096	0.12	0.0	
ENDTRNS	
TRNS	INVOICE	02/23/2021	Truck: 154dump	Accounts Receivable	154	0	79097	
SPL	INVOICE	02/23/2021	H2	Sales Income	154	0.0	79097	1.88	0.0	
ENDTRNS	
TRNS	INVOICE	02/23/2021	Truck: 154wford	Accounts Receivable	154	0	79098	
SPL	INVOICE	02/23/2021	H2	Sales Income	154	0.0	79098	0.04	0.0	
ENDTRNS	
TRNS	INVOICE	02/23/2021	Truck: 154g150	Accounts Receivable	154	0	79099	
SPL	INVOICE	02/23/2021	H2	Sales Income	154	0.0	79099	0.03	0.0	
ENDTRNS	
TRNS	INVOICE	02/23/2021	Truck: ABC	Accounts Receivable	243	0	79100	
SPL	INVOICE	02/23/2021	H-4	Sales Income	243	0.0	79100	6.83	0.0	
ENDTRNS	
TRNS	INVOICE	02/23/2021	Truck: 182ronald	Accounts Receivable	182	44.23	79101	
SPL	INVOICE	02/23/2021	DC	Sales Income	182	-44.23	79101	0.97	45.6	
ENDTRNS	
TRNS	INVOICE	02/23/2021	Truck: 1904	Accounts Receivable	162	0	79102	
SPL	INVOICE	02/23/2021	H-2	Sales Income	162	0.0	79102	8.14	0.0	
ENDTRNS	
TRNS	INVOICE	02/23/2021	Truck: 1891	Accounts Receivable	173	0	79103	
SPL	INVOICE	02/23/2021	H-3	Sales Income	173	0.0	79103	26.15	0.0	
ENDTRNS	
TRNS	INVOICE	02/23/2021	Truck: 154wsir	Accounts Receivable	154	0	79104	
SPL	INVOICE	02/23/2021	H2	Sales Income	154	0.0	79104	0.52	0.0	
ENDTRNS	
TRNS	INVOICE	02/23/2021	Truck: 154silnis	Accounts Receivable	154	0	79105	
SPL	INVOICE	02/23/2021	H2	Sales Income	154	0.0	79105	0.2	0.0	
ENDTRNS	
TRNS	INVOICE	02/23/2021	Truck: 456	Accounts Receivable	456	0	79106	
SPL	INVOICE	02/23/2021	H-1	Sales Income	456	0.0	79106	0.24	0.0	
ENDTRNS	
TRNS	INVOICE	02/23/2021	Truck: 154bsil	Accounts Receivable	154	0	79107	
SPL	INVOICE	02/23/2021	H2	Sales Income	154	0.0	79107	0.35	0.0	
ENDTRNS	
TRNS	INVOICE	02/23/2021	Truck: 154wchev	Accounts Receivable	154	0	79108	
SPL	INVOICE	02/23/2021	I-2	Sales Income	154	0.0	79108	0.56	0.0	
ENDTRNS	
TRNS	INVOICE	02/23/2021	Truck: 154duel	Accounts Receivable	154	0	79109	
SPL	INVOICE	02/23/2021	I-2	Sales Income	154	0.0	79109	5.73	0.0	
ENDTRNS	
TRNS	INVOICE	02/23/2021	Truck: 154oldford	Accounts Receivable	154	0	79110	
SPL	INVOICE	02/23/2021	H2	Sales Income	154	0.0	79110	0.12	0.0	
ENDTRNS	
TRNS	INVOICE	02/23/2021	Truck: 154frun	Accounts Receivable	154	0	79111	
SPL	INVOICE	02/23/2021	H2	Sales Income	154	0.0	79111	0.32	0.0	
ENDTRNS	
TRNS	INVOICE	02/23/2021	Truck: 154hcon	Accounts Receivable	154	0	79112	
SPL	INVOICE	02/23/2021	H2	Sales Income	154	0.0	79112	0.21	0.0	
ENDTRNS	
TRNS	INVOICE	02/23/2021	Truck: 1905	Accounts Receivable	162	0	79113	
SPL	INVOICE	02/23/2021	H-2	Sales Income	162	0.0	79113	8.4	0.0	
ENDTRNS	
TRNS	INVOICE	02/23/2021	Truck: 154bsil	Accounts Receivable	154	0	79114	
SPL	INVOICE	02/23/2021	H2	Sales Income	154	0.0	79114	0.02	0.0	
ENDTRNS	
TRNS	INVOICE	02/23/2021	Truck: 154gry150	Accounts Receivable	154	0	79115	
SPL	INVOICE	02/23/2021	H2	Sales Income	154	0.0	79115	0.41	0.0	
ENDTRNS	
TRNS	INVOICE	02/23/2021	Truck: 154whram	Accounts Receivable	154	0	79116	
SPL	INVOICE	02/23/2021	I-2	Sales Income	154	0.0	79116	0.58	0.0	
ENDTRNS	
TRNS	INVOICE	02/23/2021	Truck: 154redram	Accounts Receivable	154	0	79117	
SPL	INVOICE	02/23/2021	H2	Sales Income	154	0.0	79117	0.02	0.0	
ENDTRNS	
TRNS	INVOICE	02/23/2021	Truck: 154z71	Accounts Receivable	154	0	79118	
SPL	INVOICE	02/23/2021	H2	Sales Income	154	0.0	79118	0.17	0.0	
ENDTRNS	
TRNS	INVOICE	02/23/2021	Truck: Renee 2	Accounts Receivable	194	11.86	79119	
SPL	INVOICE	02/23/2021	H1	Sales Income	194	-11.86	79119	0.26	45.62	
ENDTRNS	
TRNS	INVOICE	02/23/2021	Truck: 154wram	Accounts Receivable	154	0	79120	
SPL	INVOICE	02/23/2021	I-2	Sales Income	154	0.0	79120	0.15	0.0	
ENDTRNS	
TRNS	INVOICE	02/23/2021	Truck: 154wnis	Accounts Receivable	154	0	79121	
SPL	INVOICE	02/23/2021	H2	Sales Income	154	0.0	79121	0.13	0.0	
ENDTRNS	
TRNS	INVOICE	02/23/2021	Truck: 154bkia	Accounts Receivable	154	0	79122	
SPL	INVOICE	02/23/2021	H2	Sales Income	154	0.0	79122	0.05	0.0	
ENDTRNS	
TRNS	INVOICE	02/23/2021	Truck: 154wiford	Accounts Receivable	154	0	79123	
SPL	INVOICE	02/23/2021	I-2	Sales Income	154	0.0	79123	1.15	0.0	
ENDTRNS	
TRNS	INVOICE	02/23/2021	Truck: 1923	Accounts Receivable	162	0	79124	
SPL	INVOICE	02/23/2021	H-2	Sales Income	162	0.0	79124	10.43	0.0	
ENDTRNS	
TRNS	INVOICE	02/23/2021	Truck: 1904	Accounts Receivable	162	0	79125	
SPL	INVOICE	02/23/2021	H-2	Sales Income	162	0.0	79125	2.71	0.0	
ENDTRNS	
TRNS	INVOICE	02/23/2021	Truck: 1903	Accounts Receivable	162	0	79126	
SPL	INVOICE	02/23/2021	H-2	Sales Income	162	0.0	79126	10.12	0.0	
ENDTRNS	
TRNS	INVOICE	02/23/2021	Truck: 1907	Accounts Receivable	162	0	79127	
SPL	INVOICE	02/23/2021	H-2	Sales Income	162	0.0	79127	7.97	0.0	
ENDTRNS	
TRNS	INVOICE	02/23/2021	Truck: 154brown	Accounts Receivable	154	0	79128	
SPL	INVOICE	02/23/2021	H2	Sales Income	154	0.0	79128	0.08	0.0	
ENDTRNS	
TRNS	INVOICE	02/23/2021	Truck: 154duel	Accounts Receivable	154	0	79129	
SPL	INVOICE	02/23/2021	I-2	Sales Income	154	0.0	79129	4.46	0.0	
ENDTRNS	
TRNS	INVOICE	02/23/2021	Truck: 154grychev	Accounts Receivable	154	0	79130	
SPL	INVOICE	02/23/2021	H2	Sales Income	154	0.0	79130	0.04	0.0	
ENDTRNS	
TRNS	INVOICE	02/23/2021	Truck: 154suv	Accounts Receivable	154	0	79131	
SPL	INVOICE	02/23/2021	H2	Sales Income	154	0.0	79131	0.31	0.0	
ENDTRNS	
TRNS	INVOICE	02/23/2021	Truck: 154silchev	Accounts Receivable	154	0	79132	
SPL	INVOICE	02/23/2021	I-2	Sales Income	154	0.0	79132	0.59	0.0	
ENDTRNS	
TRNS	INVOICE	02/23/2021	Truck: 182redford	Accounts Receivable	182	36.48	79133	
SPL	INVOICE	02/23/2021	DC	Sales Income	182	-36.48	79133	0.8	45.6	
ENDTRNS	
TRNS	INVOICE	02/23/2021	Truck: 154ranger	Accounts Receivable	154	0	79134	
SPL	INVOICE	02/23/2021	H2	Sales Income	154	0.0	79134	0.08	0.0	
ENDTRNS	
TRNS	INVOICE	02/23/2021	Truck: 1906	Accounts Receivable	162	0	79135	
SPL	INVOICE	02/23/2021	H-2	Sales Income	162	0.0	79135	10.94	0.0	
ENDTRNS	
TRNS	INVOICE	02/23/2021	Truck: 154b3000	Accounts Receivable	154	0	79136	
SPL	INVOICE	02/23/2021	I-2	Sales Income	154	0.0	79136	0.69	0.0	
ENDTRNS	
TRNS	INVOICE	02/23/2021	Truck: 182wsil	Accounts Receivable	182	48.79	79137	
SPL	INVOICE	02/23/2021	DC	Sales Income	182	-48.79	79137	1.07	45.6	
ENDTRNS	
TRNS	INVOICE	02/23/2021	Truck: 182igreen	Accounts Receivable	182	106.7	79138	
SPL	INVOICE	02/23/2021	DC	Sales Income	182	-106.7	79138	2.34	45.6	
ENDTRNS	
TRNS	INVOICE	02/23/2021	Truck: 154whit250	Accounts Receivable	154	0	79139	
SPL	INVOICE	02/23/2021	H2	Sales Income	154	0.0	79139	2.59	0.0	
ENDTRNS	
TRNS	INVOICE	02/23/2021	Truck: 154blktun	Accounts Receivable	154	0	79140	
SPL	INVOICE	02/23/2021	I-2	Sales Income	154	0.0	79140	0.45	0.0	
ENDTRNS	
TRNS	INVOICE	02/23/2021	Truck: 154box	Accounts Receivable	154	0	79141	
SPL	INVOICE	02/23/2021	H2	Sales Income	154	0.0	79141	0.37	0.0	
ENDTRNS	
TRNS	INVOICE	02/23/2021	Truck: 154nis	Accounts Receivable	154	0	79142	
SPL	INVOICE	02/23/2021	H2	Sales Income	154	0.0	79142	0.18	0.0	
ENDTRNS	
TRNS	INVOICE	02/23/2021	Truck: 154blksil	Accounts Receivable	154	0	79143	
SPL	INVOICE	02/23/2021	H2	Sales Income	154	0.0	79143	0.02	0.0	
ENDTRNS	
TRNS	INVOICE	02/23/2021	Truck: 154gram	Accounts Receivable	154	0	79144	
SPL	INVOICE	02/23/2021	H2	Sales Income	154	0.0	79144	0.21	0.0	
ENDTRNS	
TRNS	INVOICE	02/23/2021	Truck: 154matt	Accounts Receivable	154	0	79145	
SPL	INVOICE	02/23/2021	H2	Sales Income	154	0.0	79145	0.03	0.0	
ENDTRNS	
TRNS	INVOICE	02/23/2021	Truck: 154oldchev	Accounts Receivable	154	0	79146	
SPL	INVOICE	02/23/2021	H2	Sales Income	154	0.0	79146	0.03	0.0	
ENDTRNS	
TRNS	INVOICE	02/23/2021	Truck: 405-1489	Accounts Receivable	150	0	79147	
SPL	INVOICE	02/23/2021	I-2	Sales Income	150	0.0	79147	0.26	0.0	
ENDTRNS	
TRNS	INVOICE	02/24/2021	Truck: igreen	Accounts Receivable	239	0	79148	
SPL	INVOICE	02/24/2021	I-2	Sales Income	239	0.0	79148	1.24	0.0	
ENDTRNS	
TRNS	INVOICE	02/24/2021	Truck: 1001calcom	Accounts Receivable	240	123.58	79149	
SPL	INVOICE	02/24/2021	H1	Sales Income	240	-123.58	79149	2.71	45.6	
ENDTRNS	
TRNS	INVOICE	02/24/2021	Truck: 1891	Accounts Receivable	173	0	79150	
SPL	INVOICE	02/24/2021	H-3	Sales Income	173	0.0	79150	30.21	0.0	
ENDTRNS	
TRNS	INVOICE	02/24/2021	Truck: 154	Accounts Receivable	154	0	79151	
SPL	INVOICE	02/24/2021	I-2	Sales Income	154	0.0	79151	0.34	0.0	
ENDTRNS	
TRNS	INVOICE	02/24/2021	Truck: 1542	Accounts Receivable	154	0	79152	
SPL	INVOICE	02/24/2021	I-2	Sales Income	154	0.0	79152	5.29	0.0	
ENDTRNS	
TRNS	INVOICE	02/24/2021	Truck: 154	Accounts Receivable	154	0	79153	
SPL	INVOICE	02/24/2021	I-2	Sales Income	154	0.0	79153	0.16	0.0	
ENDTRNS	
TRNS	INVOICE	02/24/2021	Truck: 154	Accounts Receivable	154	0	79154	
SPL	INVOICE	02/24/2021	H-2	Sales Income	154	0.0	79154	0.15	0.0	
ENDTRNS	
TRNS	INVOICE	02/24/2021	Truck: 154	Accounts Receivable	154	0	79155	
SPL	INVOICE	02/24/2021	I-2	Sales Income	154	0.0	79155	0.09	0.0	
ENDTRNS	
TRNS	INVOICE	02/24/2021	Truck: 1326	Accounts Receivable	173	0	79156	
SPL	INVOICE	02/24/2021	H-3	Sales Income	173	0.0	79156	28.3	0.0	
ENDTRNS	
TRNS	INVOICE	02/24/2021	Truck: 182	Accounts Receivable	182	0	79157	
SPL	INVOICE	02/24/2021	H2	Sales Income	182	0.0	79157	0.13	0.0	
ENDTRNS	
TRNS	INVOICE	02/24/2021	Truck: 154	Accounts Receivable	154	0	79158	
SPL	INVOICE	02/24/2021	H-2	Sales Income	154	0.0	79158	0.41	0.0	
ENDTRNS	
TRNS	INVOICE	02/24/2021	Truck: 1542	Accounts Receivable	154	0	79159	
SPL	INVOICE	02/24/2021	I-2	Sales Income	154	0.0	79159	0.11	0.0	
ENDTRNS	
TRNS	INVOICE	02/24/2021	Truck: 1891	Accounts Receivable	173	0	79160	
SPL	INVOICE	02/24/2021	H-3	Sales Income	173	0.0	79160	29.81	0.0	
ENDTRNS	
TRNS	INVOICE	02/24/2021	Truck: 182	Accounts Receivable	182	6.38	79161	
SPL	INVOICE	02/24/2021	DC	Sales Income	182	-6.38	79161	0.14	45.57	
ENDTRNS	
TRNS	INVOICE	02/24/2021	Truck: guss	Accounts Receivable	182	19.61	79162	
SPL	INVOICE	02/24/2021	DC	Sales Income	182	-19.61	79162	0.43	45.6	
ENDTRNS	
TRNS	INVOICE	02/24/2021	Truck: 154	Accounts Receivable	154	0	79163	
SPL	INVOICE	02/24/2021	I-2	Sales Income	154	0.0	79163	0.08	0.0	
ENDTRNS	
TRNS	INVOICE	02/24/2021	Truck: 154	Accounts Receivable	154	0	79164	
SPL	INVOICE	02/24/2021	I-2	Sales Income	154	0.0	79164	5.08	0.0	
ENDTRNS	
TRNS	INVOICE	02/24/2021	Truck: 1907	Accounts Receivable	162	0	79165	
SPL	INVOICE	02/24/2021	H-2	Sales Income	162	0.0	79165	5.11	0.0	
ENDTRNS	
TRNS	INVOICE	02/24/2021	Truck: 1904	Accounts Receivable	162	0	79166	
SPL	INVOICE	02/24/2021	H-2	Sales Income	162	0.0	79166	8.51	0.0	
ENDTRNS	
TRNS	INVOICE	02/24/2021	Truck: 154	Accounts Receivable	154	0	79167	
SPL	INVOICE	02/24/2021	I-2	Sales Income	154	0.0	79167	0.12	0.0	
ENDTRNS	
TRNS	INVOICE	02/24/2021	Truck: 154car	Accounts Receivable	154	0	79168	
SPL	INVOICE	02/24/2021	H2	Sales Income	154	0.0	79168	0.03	0.0	
ENDTRNS	
TRNS	INVOICE	02/24/2021	Truck: 154	Accounts Receivable	154	0	79169	
SPL	INVOICE	02/24/2021	H-2	Sales Income	154	0.0	79169	0.02	0.0	
ENDTRNS	
TRNS	INVOICE	02/24/2021	Truck: 2015182	Accounts Receivable	182	48.79	79170	
SPL	INVOICE	02/24/2021	DC	Sales Income	182	-48.79	79170	1.07	45.6	
ENDTRNS	
TRNS	INVOICE	02/24/2021	Truck: 154	Accounts Receivable	154	0	79171	
SPL	INVOICE	02/24/2021	I-2	Sales Income	154	0.0	79171	0.13	0.0	
ENDTRNS	
TRNS	INVOICE	02/24/2021	Truck: 1542	Accounts Receivable	154	0	79172	
SPL	INVOICE	02/24/2021	I-2	Sales Income	154	0.0	79172	0.42	0.0	
ENDTRNS	
TRNS	INVOICE	02/24/2021	Truck: 1905	Accounts Receivable	162	0	79173	
SPL	INVOICE	02/24/2021	H-2	Sales Income	162	0.0	79173	6.53	0.0	
ENDTRNS	
TRNS	INVOICE	02/24/2021	Truck: 154blue	Accounts Receivable	154	0	79174	
SPL	INVOICE	02/24/2021	H2	Sales Income	154	0.0	79174	0.16	0.0	
ENDTRNS	
TRNS	INVOICE	02/24/2021	Truck: 154ram	Accounts Receivable	154	0	79175	
SPL	INVOICE	02/24/2021	H2	Sales Income	154	0.0	79175	0.03	0.0	
ENDTRNS	
TRNS	INVOICE	02/24/2021	Truck: 1326	Accounts Receivable	173	0	79176	
SPL	INVOICE	02/24/2021	H-3	Sales Income	173	0.0	79176	32.39	0.0	
ENDTRNS	
TRNS	INVOICE	02/24/2021	Truck: 154rusty	Accounts Receivable	154	0	79177	
SPL	INVOICE	02/24/2021	H2	Sales Income	154	0.0	79177	0.16	0.0	
ENDTRNS	
TRNS	INVOICE	02/24/2021	Truck: 1923	Accounts Receivable	162	0	79178	
SPL	INVOICE	02/24/2021	H-2	Sales Income	162	0.0	79178	9.79	0.0	
ENDTRNS	
TRNS	INVOICE	02/24/2021	Truck: 154wire	Accounts Receivable	154	0	79179	
SPL	INVOICE	02/24/2021	I-2	Sales Income	154	0.0	79179	0.27	0.0	
ENDTRNS	
TRNS	INVOICE	02/24/2021	Truck: 1904	Accounts Receivable	162	0	79180	
SPL	INVOICE	02/24/2021	H-2	Sales Income	162	0.0	79180	1.84	0.0	
ENDTRNS	
TRNS	INVOICE	02/24/2021	Truck: 1547	Accounts Receivable	154	0	79181	
SPL	INVOICE	02/24/2021	H2	Sales Income	154	0.0	79181	0.27	0.0	
ENDTRNS	
TRNS	INVOICE	02/24/2021	Truck: 154	Accounts Receivable	154	0	79182	
SPL	INVOICE	02/24/2021	I-2	Sales Income	154	0.0	79182	2.03	0.0	
ENDTRNS	
TRNS	INVOICE	02/24/2021	Truck: 1906	Accounts Receivable	162	0	79183	
SPL	INVOICE	02/24/2021	H-2	Sales Income	162	0.0	79183	9.64	0.0	
ENDTRNS	
TRNS	INVOICE	02/24/2021	Truck: 154	Accounts Receivable	154	0	79184	
SPL	INVOICE	02/24/2021	H-2	Sales Income	154	0.0	79184	0.16	0.0	
ENDTRNS	
TRNS	INVOICE	02/24/2021	Truck: 1903	Accounts Receivable	162	0	79185	
SPL	INVOICE	02/24/2021	H-2	Sales Income	162	0.0	79185	9	0.0	
ENDTRNS	
TRNS	INVOICE	02/24/2021	Truck: 154	Accounts Receivable	154	0	79186	
SPL	INVOICE	02/24/2021	H-2	Sales Income	154	0.0	79186	0.34	0.0	
ENDTRNS	
TRNS	INVOICE	02/24/2021	Truck: 1548	Accounts Receivable	154	0	79187	
SPL	INVOICE	02/24/2021	H2	Sales Income	154	0.0	79187	0.33	0.0	
ENDTRNS	
TRNS	INVOICE	02/24/2021	Truck: 1542	Accounts Receivable	154	0	79188	
SPL	INVOICE	02/24/2021	H2	Sales Income	154	0.0	79188	0.09	0.0	
ENDTRNS	
TRNS	INVOICE	02/24/2021	Truck: 154	Accounts Receivable	154	0	79189	
SPL	INVOICE	02/24/2021	I-2	Sales Income	154	0.0	79189	2.89	0.0	
ENDTRNS	
TRNS	INVOICE	02/24/2021	Truck: 376	Accounts Receivable	154	0	79190	
SPL	INVOICE	02/24/2021	H2	Sales Income	154	0.0	79190	0.79	0.0	
ENDTRNS	
TRNS	INVOICE	02/24/2021	Truck: 182	Accounts Receivable	182	14.59	79191	
SPL	INVOICE	02/24/2021	DC	Sales Income	182	-14.59	79191	0.32	45.59	
ENDTRNS	
TRNS	INVOICE	02/25/2021	Truck: 1001calcom	Accounts Receivable	240	113.09	79193	
SPL	INVOICE	02/25/2021	H1	Sales Income	240	-113.09	79193	2.48	45.6	
ENDTRNS	
TRNS	INVOICE	02/25/2021	Truck: 1891	Accounts Receivable	173	0	79194	
SPL	INVOICE	02/25/2021	H-3	Sales Income	173	0.0	79194	30.16	0.0	
ENDTRNS	
TRNS	INVOICE	02/25/2021	Truck: 154	Accounts Receivable	154	0	79195	
SPL	INVOICE	02/25/2021	I-2	Sales Income	154	0.0	79195	0.92	0.0	
ENDTRNS	
TRNS	INVOICE	02/25/2021	Truck: igreen	Accounts Receivable	239	73.42	79196	
SPL	INVOICE	02/25/2021	DC	Sales Income	239	-73.42	79196	1.61	45.6	
ENDTRNS	
TRNS	INVOICE	02/25/2021	Truck: 1542	Accounts Receivable	154	0	79197	
SPL	INVOICE	02/25/2021	I-2	Sales Income	154	0.0	79197	2.85	0.0	
ENDTRNS	
TRNS	INVOICE	02/25/2021	Truck: 154	Accounts Receivable	154	0	79198	
SPL	INVOICE	02/25/2021	I-2	Sales Income	154	0.0	79198	0.42	0.0	
ENDTRNS	
TRNS	INVOICE	02/25/2021	Truck: lott	Accounts Receivable	182	13.22	79199	
SPL	INVOICE	02/25/2021	DC	Sales Income	182	-13.22	79199	0.29	45.59	
ENDTRNS	
TRNS	INVOICE	02/25/2021	Truck: 154	Accounts Receivable	154	0	79200	
SPL	INVOICE	02/25/2021	I-2	Sales Income	154	0.0	79200	0.63	0.0	
ENDTRNS	
TRNS	INVOICE	02/25/2021	Truck: 1921-C	Accounts Receivable	162	0	79201	
SPL	INVOICE	02/25/2021	H-2	Sales Income	162	0.0	79201	8.6	0.0	
ENDTRNS	
TRNS	INVOICE	02/25/2021	Truck: 238	Accounts Receivable	238	24.17	79202	
SPL	INVOICE	02/25/2021	DC	Sales Income	238	-24.17	79202	0.53	45.6	
ENDTRNS	
TRNS	INVOICE	02/25/2021	Truck: 154	Accounts Receivable	154	0	79203	
SPL	INVOICE	02/25/2021	H-2	Sales Income	154	0.0	79203	0.21	0.0	
ENDTRNS	
TRNS	INVOICE	02/25/2021	Truck: 1543	Accounts Receivable	154	0	79204	
SPL	INVOICE	02/25/2021	I-2	Sales Income	154	0.0	79204	0.06	0.0	
ENDTRNS	
TRNS	INVOICE	02/25/2021	Truck: 154	Accounts Receivable	154	0	79205	
SPL	INVOICE	02/25/2021	I-2	Sales Income	154	0.0	79205	0.07	0.0	
ENDTRNS	
TRNS	INVOICE	02/25/2021	Truck: 1921-I	Accounts Receivable	162	0	79206	
SPL	INVOICE	02/25/2021	I-2	Sales Income	162	0.0	79206	1.91	0.0	
ENDTRNS	
TRNS	INVOICE	02/25/2021	Truck: boat182	Accounts Receivable	182	49.7	79207	
SPL	INVOICE	02/25/2021	DC	Sales Income	182	-49.7	79207	1.09	45.6	
ENDTRNS	
TRNS	INVOICE	02/25/2021	Truck: 1543	Accounts Receivable	154	0	79208	
SPL	INVOICE	02/25/2021	H2	Sales Income	154	0.0	79208	0.14	0.0	
ENDTRNS	
TRNS	INVOICE	02/25/2021	Truck: 154	Accounts Receivable	154	0	79209	
SPL	INVOICE	02/25/2021	H-2	Sales Income	154	0.0	79209	0.25	0.0	
ENDTRNS	
TRNS	INVOICE	02/25/2021	Truck: 1854	Accounts Receivable	154	0	79210	
SPL	INVOICE	02/25/2021	H2	Sales Income	154	0.0	79210	0.12	0.0	
ENDTRNS	
TRNS	INVOICE	02/25/2021	Truck: 154	Accounts Receivable	154	0	79211	
SPL	INVOICE	02/25/2021	H-2	Sales Income	154	0.0	79211	0.17	0.0	
ENDTRNS	
TRNS	INVOICE	02/25/2021	Truck: 154whit	Accounts Receivable	154	0	79212	
SPL	INVOICE	02/25/2021	H2	Sales Income	154	0.0	79212	0.09	0.0	
ENDTRNS	
TRNS	INVOICE	02/25/2021	Truck: Co H 3	Accounts Receivable	154	0	79213	
SPL	INVOICE	02/25/2021	H-2	Sales Income	154	0.0	79213	0.11	0.0	
ENDTRNS	
TRNS	INVOICE	02/25/2021	Truck: 1891	Accounts Receivable	173	0	79214	
SPL	INVOICE	02/25/2021	H-3	Sales Income	173	0.0	79214	27.34	0.0	
ENDTRNS	
TRNS	INVOICE	02/25/2021	Truck: 154	Accounts Receivable	154	0	79215	
SPL	INVOICE	02/25/2021	I-2	Sales Income	154	0.0	79215	0.23	0.0	
ENDTRNS	
TRNS	INVOICE	02/25/2021	Truck: 1 2 3	Accounts Receivable	154	0	79216	
SPL	INVOICE	02/25/2021	H-2	Sales Income	154	0.0	79216	1.29	0.0	
ENDTRNS	
TRNS	INVOICE	02/25/2021	Truck: 154	Accounts Receivable	154	0	79217	
SPL	INVOICE	02/25/2021	H-2	Sales Income	154	0.0	79217	0.19	0.0	
ENDTRNS	
TRNS	INVOICE	02/25/2021	Truck: 124ram	Accounts Receivable	154	0	79218	
SPL	INVOICE	02/25/2021	H2	Sales Income	154	0.0	79218	0.02	0.0	
ENDTRNS	
TRNS	INVOICE	02/25/2021	Truck: 1921-O	Accounts Receivable	162	0	79219	
SPL	INVOICE	02/25/2021	H-2	Sales Income	162	0.0	79219	2.37	0.0	
ENDTRNS	
TRNS	INVOICE	02/25/2021	Truck: 154	Accounts Receivable	154	0	79220	
SPL	INVOICE	02/25/2021	H-2	Sales Income	154	0.0	79220	0.04	0.0	
ENDTRNS	
TRNS	INVOICE	02/25/2021	Truck: 1542	Accounts Receivable	154	0	79221	
SPL	INVOICE	02/25/2021	H2	Sales Income	154	0.0	79221	0.76	0.0	
ENDTRNS	
TRNS	INVOICE	02/25/2021	Truck: 154	Accounts Receivable	154	0	79222	
SPL	INVOICE	02/25/2021	H-2	Sales Income	154	0.0	79222	0.01	0.0	
ENDTRNS	
TRNS	INVOICE	02/25/2021	Truck: 1542	Accounts Receivable	154	0	79223	
SPL	INVOICE	02/25/2021	H2	Sales Income	154	0.0	79223	0.37	0.0	
ENDTRNS	
TRNS	INVOICE	02/25/2021	Truck: 1921-C	Accounts Receivable	162	0	79224	
SPL	INVOICE	02/25/2021	H-2	Sales Income	162	0.0	79224	6.98	0.0	
ENDTRNS	
TRNS	INVOICE	02/25/2021	Truck: 154	Accounts Receivable	154	0	79225	
SPL	INVOICE	02/25/2021	H-2	Sales Income	154	0.0	79225	0.13	0.0	
ENDTRNS	
TRNS	INVOICE	02/25/2021	Truck: boat durga	Accounts Receivable	182	28.27	79226	
SPL	INVOICE	02/25/2021	H1	Sales Income	182	-28.27	79226	0.62	45.6	
ENDTRNS	
TRNS	INVOICE	02/25/2021	Truck: 638	Accounts Receivable	154	0	79227	
SPL	INVOICE	02/25/2021	H2	Sales Income	154	0.0	79227	0.21	0.0	
ENDTRNS	
TRNS	INVOICE	02/25/2021	Truck: 1547	Accounts Receivable	154	0	79228	
SPL	INVOICE	02/25/2021	I-2	Sales Income	154	0.0	79228	0.59	0.0	
ENDTRNS	
TRNS	INVOICE	02/25/2021	Truck: 1904	Accounts Receivable	162	0	79229	
SPL	INVOICE	02/25/2021	H-2	Sales Income	162	0.0	79229	6.74	0.0	
ENDTRNS	
TRNS	INVOICE	02/25/2021	Truck: toy	Accounts Receivable	154	0	79230	
SPL	INVOICE	02/25/2021	H2	Sales Income	154	0.0	79230	0.1	0.0	
ENDTRNS	
TRNS	INVOICE	02/25/2021	Truck: 1923	Accounts Receivable	162	0	79231	
SPL	INVOICE	02/25/2021	H-2	Sales Income	162	0.0	79231	7.11	0.0	
ENDTRNS	
TRNS	INVOICE	02/25/2021	Truck: 154van	Accounts Receivable	154	0	79232	
SPL	INVOICE	02/25/2021	H2	Sales Income	154	0.0	79232	0.36	0.0	
ENDTRNS	
TRNS	INVOICE	02/25/2021	Truck: 182ram	Accounts Receivable	182	0	79233	
SPL	INVOICE	02/25/2021	H2	Sales Income	182	0.0	79233	0.16	0.0	
ENDTRNS	
TRNS	INVOICE	02/25/2021	Truck: 46154	Accounts Receivable	154	0	79234	
SPL	INVOICE	02/25/2021	I-2	Sales Income	154	0.0	79234	2.3	0.0	
ENDTRNS	
TRNS	INVOICE	02/25/2021	Truck: jeep	Accounts Receivable	154	0	79235	
SPL	INVOICE	02/25/2021	H2	Sales Income	154	0.0	79235	0.14	0.0	
ENDTRNS	
TRNS	INVOICE	02/25/2021	Truck: 1921-C	Accounts Receivable	162	0	79236	
SPL	INVOICE	02/25/2021	I-2	Sales Income	162	0.0	79236	2.98	0.0	
ENDTRNS	
TRNS	INVOICE	02/25/2021	Truck: 1907	Accounts Receivable	162	0	79237	
SPL	INVOICE	02/25/2021	H-2	Sales Income	162	0.0	79237	6.18	0.0	
ENDTRNS	
TRNS	INVOICE	02/25/2021	Truck: 1903	Accounts Receivable	162	0	79238	
SPL	INVOICE	02/25/2021	H-2	Sales Income	162	0.0	79238	7.12	0.0	
ENDTRNS	
TRNS	INVOICE	02/25/2021	Truck: 154red	Accounts Receivable	154	0	79239	
SPL	INVOICE	02/25/2021	H2	Sales Income	154	0.0	79239	0.46	0.0	
ENDTRNS	
TRNS	INVOICE	02/25/2021	Truck: 129	Accounts Receivable	154	0	79240	
SPL	INVOICE	02/25/2021	H2	Sales Income	154	0.0	79240	0.29	0.0	
ENDTRNS	
TRNS	INVOICE	02/25/2021	Truck: 154car	Accounts Receivable	154	0	79241	
SPL	INVOICE	02/25/2021	H2	Sales Income	154	0.0	79241	0.24	0.0	
ENDTRNS	
TRNS	INVOICE	02/25/2021	Truck: 154	Accounts Receivable	154	0	79242	
SPL	INVOICE	02/25/2021	H-2	Sales Income	154	0.0	79242	2.58	0.0	
ENDTRNS	
TRNS	INVOICE	02/25/2021	Truck: 154	Accounts Receivable	154	0	79243	
SPL	INVOICE	02/25/2021	H-2	Sales Income	154	0.0	79243	0.02	0.0	
ENDTRNS	
TRNS	INVOICE	02/25/2021	Truck: 1891	Accounts Receivable	173	0	79244	
SPL	INVOICE	02/25/2021	H-3	Sales Income	173	0.0	79244	26.88	0.0	
ENDTRNS	
TRNS	INVOICE	02/25/2021	Truck: 154ram	Accounts Receivable	154	0	79245	
SPL	INVOICE	02/25/2021	H2	Sales Income	154	0.0	79245	0.58	0.0	
ENDTRNS	
TRNS	INVOICE	02/25/2021	Truck: 1548	Accounts Receivable	154	0	79246	
SPL	INVOICE	02/25/2021	I-2	Sales Income	154	0.0	79246	3.5	0.0	
ENDTRNS	
TRNS	INVOICE	02/25/2021	Truck: 154mat	Accounts Receivable	154	0	79247	
SPL	INVOICE	02/25/2021	H2	Sales Income	154	0.0	79247	0.09	0.0	
ENDTRNS	
TRNS	INVOICE	02/25/2021	Truck: 1154reah	Accounts Receivable	154	0	79248	
SPL	INVOICE	02/25/2021	H2	Sales Income	154	0.0	79248	0.01	0.0	
ENDTRNS	
TRNS	INVOICE	02/25/2021	Truck: 211154	Accounts Receivable	154	0	79249	
SPL	INVOICE	02/25/2021	H2	Sales Income	154	0.0	79249	0.22	0.0	
ENDTRNS	
TRNS	INVOICE	02/25/2021	Truck: 154	Accounts Receivable	154	0	79250	
SPL	INVOICE	02/25/2021	H-2	Sales Income	154	0.0	79250	0.18	0.0	
ENDTRNS	
TRNS	INVOICE	02/25/2021	Truck: 182	Accounts Receivable	182	10.94	79251	
SPL	INVOICE	02/25/2021	DC	Sales Income	182	-10.94	79251	0.24	45.58	
ENDTRNS	
TRNS	INVOICE	02/25/2021	Truck: 182	Accounts Receivable	182	35.11	79252	
SPL	INVOICE	02/25/2021	DC	Sales Income	182	-35.11	79252	0.77	45.6	
ENDTRNS	
TRNS	INVOICE	02/25/2021	Truck: boatdurga	Accounts Receivable	182	62.47	79253	
SPL	INVOICE	02/25/2021	H1	Sales Income	182	-62.47	79253	1.37	45.6	
ENDTRNS	
TRNS	INVOICE	02/25/2021	Truck: 154car	Accounts Receivable	154	0	79254	
SPL	INVOICE	02/25/2021	H2	Sales Income	154	0.0	79254	0.23	0.0	
ENDTRNS	
TRNS	INVOICE	02/25/2021	Truck: 1547	Accounts Receivable	154	0	79255	
SPL	INVOICE	02/25/2021	I-2	Sales Income	154	0.0	79255	2.41	0.0	
ENDTRNS	
TRNS	INVOICE	02/26/2021	Truck: 1001calcom	Accounts Receivable	240	0	79256	
SPL	INVOICE	02/26/2021	H-1	Sales Income	240	0.0	79256	2.76	0.0	
ENDTRNS	
TRNS	INVOICE	02/26/2021	Truck: 154/blksuv	Accounts Receivable	154	0	79257	
SPL	INVOICE	02/26/2021	H2	Sales Income	154	0.0	79257	0.23	0.0	
ENDTRNS	
TRNS	INVOICE	02/26/2021	Truck: 182	Accounts Receivable	182	20.06	79258	
SPL	INVOICE	02/26/2021	DC	Sales Income	182	-20.06	79258	0.44	45.59	
ENDTRNS	
TRNS	INVOICE	02/26/2021	Truck: 154	Accounts Receivable	154	0	79259	
SPL	INVOICE	02/26/2021	I-2	Sales Income	154	0.0	79259	0.53	0.0	
ENDTRNS	
TRNS	INVOICE	02/26/2021	Truck: 182	Accounts Receivable	182	24.17	79260	
SPL	INVOICE	02/26/2021	DC	Sales Income	182	-24.17	79260	0.53	45.6	
ENDTRNS	
TRNS	INVOICE	02/26/2021	Truck: 1822	Accounts Receivable	182	0	79261	
SPL	INVOICE	02/26/2021	H2	Sales Income	182	0.0	79261	1.52	0.0	
ENDTRNS	
TRNS	INVOICE	02/26/2021	Truck: igreen	Accounts Receivable	239	77.98	79262	
SPL	INVOICE	02/26/2021	DC	Sales Income	239	-77.98	79262	1.71	45.6	
ENDTRNS	
TRNS	INVOICE	02/26/2021	Truck: 368	Accounts Receivable	182	47.42	79263	
SPL	INVOICE	02/26/2021	DC	Sales Income	182	-47.42	79263	1.04	45.6	
ENDTRNS	
TRNS	INVOICE	02/26/2021	Truck: 1891	Accounts Receivable	173	0	79264	
SPL	INVOICE	02/26/2021	H-3	Sales Income	173	0.0	79264	27.23	0.0	
ENDTRNS	
TRNS	INVOICE	02/26/2021	Truck: 154	Accounts Receivable	154	0	79265	
SPL	INVOICE	02/26/2021	I-2	Sales Income	154	0.0	79265	0.33	0.0	
ENDTRNS	
TRNS	INVOICE	02/26/2021	Truck: 1921-O	Accounts Receivable	162	0	79266	
SPL	INVOICE	02/26/2021	H-2	Sales Income	162	0.0	79266	3.3	0.0	
ENDTRNS	
TRNS	INVOICE	02/26/2021	Truck: Sprin	Accounts Receivable	154	0	79267	
SPL	INVOICE	02/26/2021	I-2	Sales Income	154	0.0	79267	0.18	0.0	
ENDTRNS	
TRNS	INVOICE	02/26/2021	Truck: 182	Accounts Receivable	182	11.86	79268	
SPL	INVOICE	02/26/2021	DC	Sales Income	182	-11.86	79268	0.26	45.62	
ENDTRNS	
TRNS	INVOICE	02/26/2021	Truck: 154jeep	Accounts Receivable	154	0	79269	
SPL	INVOICE	02/26/2021	H2	Sales Income	154	0.0	79269	0.22	0.0	
ENDTRNS	
TRNS	INVOICE	02/26/2021	Truck: 182siv	Accounts Receivable	154	0	79270	
SPL	INVOICE	02/26/2021	H2	Sales Income	154	0.0	79270	0.18	0.0	
ENDTRNS	
TRNS	INVOICE	02/26/2021	Truck: 182	Accounts Receivable	182	4.56	79271	
SPL	INVOICE	02/26/2021	DC	Sales Income	182	-4.56	79271	0.1	45.6	
ENDTRNS	
TRNS	INVOICE	02/26/2021	Truck: 154mundy	Accounts Receivable	154	0	79272	
SPL	INVOICE	02/26/2021	I-2	Sales Income	154	0.0	79272	0.08	0.0	
ENDTRNS	
TRNS	INVOICE	02/26/2021	Truck: 154	Accounts Receivable	154	0	79273	
SPL	INVOICE	02/26/2021	H-2	Sales Income	154	0.0	79273	1.19	0.0	
ENDTRNS	
TRNS	INVOICE	02/26/2021	Truck: 154dog	Accounts Receivable	154	0	79274	
SPL	INVOICE	02/26/2021	H2	Sales Income	154	0.0	79274	0.23	0.0	
ENDTRNS	
TRNS	INVOICE	02/26/2021	Truck: 154lim	Accounts Receivable	154	0	79275	
SPL	INVOICE	02/26/2021	I-2	Sales Income	154	0.0	79275	0.11	0.0	
ENDTRNS	
TRNS	INVOICE	02/26/2021	Truck: jimmy	Accounts Receivable	182	0	79276	
SPL	INVOICE	02/26/2021	H2	Sales Income	182	0.0	79276	0.2	0.0	
ENDTRNS	
TRNS	INVOICE	02/26/2021	Truck: davis	Accounts Receivable	182	20.52	79277	
SPL	INVOICE	02/26/2021	DC	Sales Income	182	-20.52	79277	0.45	45.6	
ENDTRNS	
TRNS	INVOICE	02/26/2021	Truck: 1542	Accounts Receivable	154	0	79278	
SPL	INVOICE	02/26/2021	I-2	Sales Income	154	0.0	79278	0.13	0.0	
ENDTRNS	
TRNS	INVOICE	02/26/2021	Truck: 1001calcom	Accounts Receivable	240	264.48	79279	
SPL	INVOICE	02/26/2021	H1	Sales Income	240	-264.48	79279	5.8	45.6	
ENDTRNS	
TRNS	INVOICE	02/26/2021	Truck: 154grass	Accounts Receivable	154	0	79280	
SPL	INVOICE	02/26/2021	H2	Sales Income	154	0.0	79280	0.31	0.0	
ENDTRNS	
TRNS	INVOICE	02/26/2021	Truck: Renee 2	Accounts Receivable	194	17.78	79281	
SPL	INVOICE	02/26/2021	H1	Sales Income	194	-17.78	79281	0.39	45.59	
ENDTRNS	
TRNS	INVOICE	02/26/2021	Truck: 1921-O	Accounts Receivable	162	0	79282	
SPL	INVOICE	02/26/2021	H-2	Sales Income	162	0.0	79282	1.63	0.0	
ENDTRNS	
TRNS	INVOICE	02/26/2021	Truck: 182fence	Accounts Receivable	182	3.19	79283	
SPL	INVOICE	02/26/2021	DC	Sales Income	182	-3.19	79283	0.07	45.57	
ENDTRNS	
TRNS	INVOICE	02/26/2021	Truck: 154green	Accounts Receivable	154	0	79284	
SPL	INVOICE	02/26/2021	H2	Sales Income	154	0.0	79284	0.11	0.0	
ENDTRNS	
TRNS	INVOICE	02/26/2021	Truck: 182	Accounts Receivable	182	0	79285	
SPL	INVOICE	02/26/2021	H2	Sales Income	182	0.0	79285	0.06	0.0	
ENDTRNS	
TRNS	INVOICE	02/26/2021	Truck: 1547	Accounts Receivable	154	0	79286	
SPL	INVOICE	02/26/2021	I-2	Sales Income	154	0.0	79286	0.64	0.0	
ENDTRNS	
TRNS	INVOICE	02/26/2021	Truck: 154ram	Accounts Receivable	154	0	79287	
SPL	INVOICE	02/26/2021	H2	Sales Income	154	0.0	79287	0.39	0.0	
ENDTRNS	
TRNS	INVOICE	02/26/2021	Truck: 182	Accounts Receivable	182	13.68	79288	
SPL	INVOICE	02/26/2021	DC	Sales Income	182	-13.68	79288	0.3	45.6	
ENDTRNS	
TRNS	INVOICE	02/26/2021	Truck: 154ran	Accounts Receivable	154	0	79289	
SPL	INVOICE	02/26/2021	H2	Sales Income	154	0.0	79289	0.15	0.0	
ENDTRNS	
TRNS	INVOICE	02/26/2021	Truck: 154	Accounts Receivable	154	0	79290	
SPL	INVOICE	02/26/2021	I-2	Sales Income	154	0.0	79290	0.2	0.0	
ENDTRNS	
TRNS	INVOICE	02/26/2021	Truck: 1549	Accounts Receivable	154	0	79291	
SPL	INVOICE	02/26/2021	H2	Sales Income	154	0.0	79291	0.06	0.0	
ENDTRNS	
TRNS	INVOICE	02/26/2021	Truck: 1891	Accounts Receivable	173	0	79292	
SPL	INVOICE	02/26/2021	H-3	Sales Income	173	0.0	79292	21.03	0.0	
ENDTRNS	
TRNS	INVOICE	02/26/2021	Truck: 154red	Accounts Receivable	154	0	79293	
SPL	INVOICE	02/26/2021	I-2	Sales Income	154	0.0	79293	0.11	0.0	
ENDTRNS	
TRNS	INVOICE	02/26/2021	Truck: 1001calcom	Accounts Receivable	240	80.71	79294	
SPL	INVOICE	02/26/2021	H1	Sales Income	240	-80.71	79294	1.77	45.6	
ENDTRNS	
TRNS	INVOICE	02/26/2021	Truck: 1549	Accounts Receivable	154	0	79295	
SPL	INVOICE	02/26/2021	H2	Sales Income	154	0.0	79295	0.04	0.0	
ENDTRNS	
TRNS	INVOICE	02/26/2021	Truck: 1542	Accounts Receivable	154	0	79296	
SPL	INVOICE	02/26/2021	I-2	Sales Income	154	0.0	79296	0.36	0.0	
ENDTRNS	
TRNS	INVOICE	02/26/2021	Truck: 1904	Accounts Receivable	162	0	79297	
SPL	INVOICE	02/26/2021	H-2	Sales Income	162	0.0	79297	7.37	0.0	
ENDTRNS	
TRNS	INVOICE	02/26/2021	Truck: 1907	Accounts Receivable	162	0	79298	
SPL	INVOICE	02/26/2021	H-2	Sales Income	162	0.0	79298	8.17	0.0	
ENDTRNS	
TRNS	INVOICE	02/26/2021	Truck: 154	Accounts Receivable	154	0	79299	
SPL	INVOICE	02/26/2021	H-2	Sales Income	154	0.0	79299	0.08	0.0	
ENDTRNS	
TRNS	INVOICE	02/26/2021	Truck: 1923	Accounts Receivable	162	0	79300	
SPL	INVOICE	02/26/2021	H-2	Sales Income	162	0.0	79300	8.28	0.0	
ENDTRNS	
TRNS	INVOICE	02/26/2021	Truck: 1903	Accounts Receivable	162	0	79301	
SPL	INVOICE	02/26/2021	H-2	Sales Income	162	0.0	79301	7.22	0.0	
ENDTRNS	
TRNS	INVOICE	02/26/2021	Truck: Renee 2	Accounts Receivable	194	10.94	79302	
SPL	INVOICE	02/26/2021	H1	Sales Income	194	-10.94	79302	0.24	45.58	
ENDTRNS	
TRNS	INVOICE	02/26/2021	Truck: 154	Accounts Receivable	154	0	79303	
SPL	INVOICE	02/26/2021	I-2	Sales Income	154	0.0	79303	2.53	0.0	
ENDTRNS	
TRNS	INVOICE	02/26/2021	Truck: 1542	Accounts Receivable	154	0	79304	
SPL	INVOICE	02/26/2021	I-2	Sales Income	154	0.0	79304	0.22	0.0	
ENDTRNS	
TRNS	INVOICE	02/26/2021	Truck: 154spr	Accounts Receivable	154	0	79305	
SPL	INVOICE	02/26/2021	I-2	Sales Income	154	0.0	79305	0.17	0.0	
ENDTRNS	
TRNS	INVOICE	02/26/2021	Truck: 154gail	Accounts Receivable	154	0	79306	
SPL	INVOICE	02/26/2021	H2	Sales Income	154	0.0	79306	0.1	0.0	
ENDTRNS	
TRNS	INVOICE	02/26/2021	Truck: mun	Accounts Receivable	154	0	79307	
SPL	INVOICE	02/26/2021	I-2	Sales Income	154	0.0	79307	0.11	0.0	
ENDTRNS	
TRNS	INVOICE	02/26/2021	Truck: 1822	Accounts Receivable	182	27.82	79308	
SPL	INVOICE	02/26/2021	H1	Sales Income	182	-27.82	79308	0.61	45.61	
ENDTRNS	
TRNS	INVOICE	02/26/2021	Truck: 154	Accounts Receivable	154	0	79309	
SPL	INVOICE	02/26/2021	I-2	Sales Income	154	0.0	79309	0.94	0.0	
ENDTRNS	
TRNS	INVOICE	02/26/2021	Truck: 1549	Accounts Receivable	154	0	79310	
SPL	INVOICE	02/26/2021	I-2	Sales Income	154	0.0	79310	0.09	0.0	
ENDTRNS	
TRNS	INVOICE	02/26/2021	Truck: 154	Accounts Receivable	154	0	79311	
SPL	INVOICE	02/26/2021	H-2	Sales Income	154	0.0	79311	0.13	0.0	
ENDTRNS	
TRNS	INVOICE	02/26/2021	Truck: 182	Accounts Receivable	182	35.57	79312	
SPL	INVOICE	02/26/2021	DC	Sales Income	182	-35.57	79312	0.78	45.6	
ENDTRNS	
TRNS	INVOICE	02/26/2021	Truck: 1822	Accounts Receivable	182	91.2	79313	
SPL	INVOICE	02/26/2021	DC	Sales Income	182	-91.2	79313	2	45.6	
ENDTRNS	
TRNS	INVOICE	02/26/2021	Truck: 1891	Accounts Receivable	173	0	79314	
SPL	INVOICE	02/26/2021	H-3	Sales Income	173	0.0	79314	29.22	0.0	
ENDTRNS	
TRNS	INVOICE	02/26/2021	Truck: 1829	Accounts Receivable	182	42.86	79315	
SPL	INVOICE	02/26/2021	DC	Sales Income	182	-42.86	79315	0.94	45.6	
ENDTRNS	
TRNS	INVOICE	02/26/2021	Truck: 154	Accounts Receivable	154	0	79316	
SPL	INVOICE	02/26/2021	H-2	Sales Income	154	0.0	79316	0.04	0.0	
ENDTRNS	
TRNS	INVOICE	02/26/2021	Truck: 154ford	Accounts Receivable	154	0	79317	
SPL	INVOICE	02/26/2021	H2	Sales Income	154	0.0	79317	0.15	0.0	
ENDTRNS	
TRNS	INVOICE	02/26/2021	Truck: 154so	Accounts Receivable	154	0	79318	
SPL	INVOICE	02/26/2021	I-2	Sales Income	154	0.0	79318	0.21	0.0	
ENDTRNS	
TRNS	INVOICE	02/27/2021	Truck: 122154	Accounts Receivable	154	0	79319	
SPL	INVOICE	02/27/2021	H2	Sales Income	154	0.0	79319	2.21	0.0	
ENDTRNS	
TRNS	INVOICE	02/27/2021	Truck: 154	Accounts Receivable	154	0	79320	
SPL	INVOICE	02/27/2021	H-2	Sales Income	154	0.0	79320	0.18	0.0	
ENDTRNS	
TRNS	INVOICE	02/27/2021	Truck: 154	Accounts Receivable	154	0	79321	
SPL	INVOICE	02/27/2021	H-2	Sales Income	154	0.0	79321	0.22	0.0	
ENDTRNS	
TRNS	INVOICE	02/27/2021	Truck: 1542	Accounts Receivable	154	0	79322	
SPL	INVOICE	02/27/2021	I-2	Sales Income	154	0.0	79322	0.78	0.0	
ENDTRNS	
TRNS	INVOICE	02/27/2021	Truck: 182	Accounts Receivable	182	10.49	79323	
SPL	INVOICE	02/27/2021	DC	Sales Income	182	-10.49	79323	0.23	45.61	
ENDTRNS	
TRNS	INVOICE	02/27/2021	Truck: jeep	Accounts Receivable	154	0	79324	
SPL	INVOICE	02/27/2021	H2	Sales Income	154	0.0	79324	0	0.0	
ENDTRNS	
TRNS	INVOICE	02/27/2021	Truck: 182	Accounts Receivable	182	0	79325	
SPL	INVOICE	02/27/2021	H2	Sales Income	182	0.0	79325	0.09	0.0	
ENDTRNS	
TRNS	INVOICE	02/27/2021	Truck: 154	Accounts Receivable	154	0	79326	
SPL	INVOICE	02/27/2021	H-2	Sales Income	154	0.0	79326	1.45	0.0	
ENDTRNS	
TRNS	INVOICE	02/27/2021	Truck: 980	Accounts Receivable	182	26.9	79327	
SPL	INVOICE	02/27/2021	H1	Sales Income	182	-26.9	79327	0.59	45.59	
ENDTRNS	
TRNS	INVOICE	02/27/2021	Truck: 1547	Accounts Receivable	154	0	79328	
SPL	INVOICE	02/27/2021	H2	Sales Income	154	0.0	79328	0.1	0.0	
ENDTRNS	
TRNS	INVOICE	02/27/2021	Truck: 246	Accounts Receivable	154	0	79329	
SPL	INVOICE	02/27/2021	H2	Sales Income	154	0.0	79329	0.07	0.0	
ENDTRNS	
TRNS	INVOICE	02/27/2021	Truck: 182	Accounts Receivable	182	0	79330	
SPL	INVOICE	02/27/2021	H2	Sales Income	182	0.0	79330	0.1	0.0	
ENDTRNS	
TRNS	INVOICE	02/27/2021	Truck: 1823	Accounts Receivable	154	0	79331	
SPL	INVOICE	02/27/2021	I-2	Sales Income	154	0.0	79331	2.72	0.0	
ENDTRNS	
TRNS	INVOICE	02/27/2021	Truck: 154burg	Accounts Receivable	154	0	79332	
SPL	INVOICE	02/27/2021	H2	Sales Income	154	0.0	79332	0.09	0.0	
ENDTRNS	
TRNS	INVOICE	02/27/2021	Truck: 154gmc	Accounts Receivable	154	0	79333	
SPL	INVOICE	02/27/2021	H2	Sales Income	154	0.0	79333	0.24	0.0	
ENDTRNS	
TRNS	INVOICE	02/27/2021	Truck: 785182	Accounts Receivable	182	7.3	79334	
SPL	INVOICE	02/27/2021	DC	Sales Income	182	-7.3	79334	0.16	45.62	
ENDTRNS	
TRNS	INVOICE	02/27/2021	Truck: 154ram	Accounts Receivable	154	0	79335	
SPL	INVOICE	02/27/2021	I-2	Sales Income	154	0.0	79335	0.09	0.0	
ENDTRNS	
TRNS	INVOICE	02/27/2021	Truck: Car	Accounts Receivable	154	0	79336	
SPL	INVOICE	02/27/2021	H2	Sales Income	154	0.0	79336	0.13	0.0	
ENDTRNS	
TRNS	INVOICE	02/27/2021	Truck: 154red	Accounts Receivable	154	0	79337	
SPL	INVOICE	02/27/2021	H2	Sales Income	154	0.0	79337	0.19	0.0	
ENDTRNS	
TRNS	INVOICE	02/27/2021	Truck: oliver	Accounts Receivable	154	0	79338	
SPL	INVOICE	02/27/2021	H2	Sales Income	154	0.0	79338	0.28	0.0	
ENDTRNS	
TRNS	INVOICE	02/27/2021	Truck: 154jee	Accounts Receivable	154	0	79339	
SPL	INVOICE	02/27/2021	H2	Sales Income	154	0.0	79339	1.82	0.0	
ENDTRNS	
TRNS	INVOICE	02/27/2021	Truck: 104fot	Accounts Receivable	154	0	79340	
SPL	INVOICE	02/27/2021	H2	Sales Income	154	0.0	79340	0.48	0.0	
ENDTRNS	
TRNS	INVOICE	02/27/2021	Truck: jeep	Accounts Receivable	154	0	79341	
SPL	INVOICE	02/27/2021	H2	Sales Income	154	0.0	79341	0.32	0.0	
ENDTRNS	
TRNS	INVOICE	02/27/2021	Truck: 154ram	Accounts Receivable	154	0	79342	
SPL	INVOICE	02/27/2021	H2	Sales Income	154	0.0	79342	0.19	0.0	
ENDTRNS	
TRNS	INVOICE	02/27/2021	Truck: 1549	Accounts Receivable	154	0	79343	
SPL	INVOICE	02/27/2021	H2	Sales Income	154	0.0	79343	0.04	0.0	
ENDTRNS	
TRNS	INVOICE	02/27/2021	Truck: 154red2	Accounts Receivable	154	0	79344	
SPL	INVOICE	02/27/2021	H2	Sales Income	154	0.0	79344	0.13	0.0	
ENDTRNS	
TRNS	INVOICE	02/27/2021	Truck: 154silver	Accounts Receivable	154	0	79345	
SPL	INVOICE	02/27/2021	I-2	Sales Income	154	0.0	79345	0.57	0.0	
ENDTRNS	
TRNS	INVOICE	02/27/2021	Truck: 154duke	Accounts Receivable	154	0	79346	
SPL	INVOICE	02/27/2021	H2	Sales Income	154	0.0	79346	0.51	0.0	
ENDTRNS	
TRNS	INVOICE	02/27/2021	Truck: 154muddy	Accounts Receivable	154	0	79347	
SPL	INVOICE	02/27/2021	H2	Sales Income	154	0.0	79347	0.31	0.0	
ENDTRNS	
TRNS	INVOICE	02/27/2021	Truck: 154tacona	Accounts Receivable	154	0	79348	
SPL	INVOICE	02/27/2021	I-2	Sales Income	154	0.0	79348	0.21	0.0	
ENDTRNS	
TRNS	INVOICE	02/27/2021	Truck: 154moldy	Accounts Receivable	154	0	79349	
SPL	INVOICE	02/27/2021	H2	Sales Income	154	0.0	79349	1.04	0.0	
ENDTRNS	
TRNS	INVOICE	02/27/2021	Truck: 1278	Accounts Receivable	154	0	79350	
SPL	INVOICE	02/27/2021	I-2	Sales Income	154	0.0	79350	0.16	0.0	
ENDTRNS	
TRNS	INVOICE	02/27/2021	Truck: 226	Accounts Receivable	154	0	79351	
SPL	INVOICE	02/27/2021	H2	Sales Income	154	0.0	79351	0.55	0.0	
ENDTRNS	
TRNS	INVOICE	02/27/2021	Truck: dodge	Accounts Receivable	154	0	79352	
SPL	INVOICE	02/27/2021	H2	Sales Income	154	0.0	79352	1.53	0.0	
ENDTRNS	
TRNS	INVOICE	02/27/2021	Truck: 154f150	Accounts Receivable	154	0	79353	
SPL	INVOICE	02/27/2021	H2	Sales Income	154	0.0	79353	0.26	0.0	
ENDTRNS	
TRNS	INVOICE	02/27/2021	Truck: phillip	Accounts Receivable	204	0	79354	
SPL	INVOICE	02/27/2021	I-2	Sales Income	204	0.0	79354	2.57	0.0	
ENDTRNS	
TRNS	INVOICE	02/27/2021	Truck: 1475	Accounts Receivable	154	0	79355	
SPL	INVOICE	02/27/2021	H2	Sales Income	154	0.0	79355	0.36	0.0	
ENDTRNS	
TRNS	INVOICE	02/27/2021	Truck: 154whit	Accounts Receivable	154	0	79356	
SPL	INVOICE	02/27/2021	H2	Sales Income	154	0.0	79356	0.27	0.0	
ENDTRNS	
TRNS	INVOICE	02/27/2021	Truck: 154old	Accounts Receivable	154	0	79357	
SPL	INVOICE	02/27/2021	H2	Sales Income	154	0.0	79357	0.38	0.0	
ENDTRNS	
TRNS	INVOICE	02/27/2021	Truck: 1547	Accounts Receivable	154	0	79358	
SPL	INVOICE	02/27/2021	H2	Sales Income	154	0.0	79358	0.28	0.0	
ENDTRNS	
TRNS	INVOICE	02/27/2021	Truck: 116	Accounts Receivable	154	0	79359	
SPL	INVOICE	02/27/2021	H2	Sales Income	154	0.0	79359	0.06	0.0	
ENDTRNS	
TRNS	INVOICE	02/27/2021	Truck: 154titan	Accounts Receivable	154	0	79360	
SPL	INVOICE	02/27/2021	I-2	Sales Income	154	0.0	79360	0.71	0.0	
ENDTRNS	
TRNS	INVOICE	02/27/2021	Truck: 139154	Accounts Receivable	154	0	79361	
SPL	INVOICE	02/27/2021	H2	Sales Income	154	0.0	79361	0.24	0.0	
ENDTRNS	
TRNS	INVOICE	02/27/2021	Truck: 454154	Accounts Receivable	154	0	79362	
SPL	INVOICE	02/27/2021	I-2	Sales Income	154	0.0	79362	0.51	0.0	
ENDTRNS	
TRNS	INVOICE	02/27/2021	Truck: 182gate	Accounts Receivable	182	0	79363	
SPL	INVOICE	02/27/2021	H2	Sales Income	182	0.0	79363	1.05	0.0	
ENDTRNS	
TRNS	INVOICE	02/27/2021	Truck: gsp	Accounts Receivable	154	0	79364	
SPL	INVOICE	02/27/2021	H2	Sales Income	154	0.0	79364	0.05	0.0	
ENDTRNS	
TRNS	INVOICE	02/27/2021	Truck: Ramgrey	Accounts Receivable	154	0	79365	
SPL	INVOICE	02/27/2021	I-2	Sales Income	154	0.0	79365	2.65	0.0	
ENDTRNS	
TRNS	INVOICE	02/27/2021	Truck: 352154	Accounts Receivable	154	0	79366	
SPL	INVOICE	02/27/2021	H2	Sales Income	154	0.0	79366	0.46	0.0	
ENDTRNS	
TRNS	INVOICE	02/27/2021	Truck: 282154	Accounts Receivable	154	0	79367	
SPL	INVOICE	02/27/2021	H2	Sales Income	154	0.0	79367	0.12	0.0	
ENDTRNS	
TRNS	INVOICE	02/27/2021	Truck: 154camo	Accounts Receivable	154	0	79368	
SPL	INVOICE	02/27/2021	H2	Sales Income	154	0.0	79368	0.24	0.0	
ENDTRNS	
TRNS	INVOICE	02/27/2021	Truck: 1549	Accounts Receivable	154	0	79369	
SPL	INVOICE	02/27/2021	I-2	Sales Income	154	0.0	79369	0.44	0.0	
ENDTRNS	
TRNS	INVOICE	02/27/2021	Truck: 96182	Accounts Receivable	182	16.87	79370	
SPL	INVOICE	02/27/2021	DC	Sales Income	182	-16.87	79370	0.37	45.59	
ENDTRNS	
TRNS	INVOICE	02/27/2021	Truck: 10137	Accounts Receivable	154	0	79371	
SPL	INVOICE	02/27/2021	H2	Sales Income	154	0.0	79371	0.12	0.0	
ENDTRNS	
TRNS	INVOICE	02/27/2021	Truck: 154	Accounts Receivable	154	0	79372	
SPL	INVOICE	02/27/2021	H-2	Sales Income	154	0.0	79372	0.2	0.0	
ENDTRNS	
TRNS	INVOICE	02/27/2021	Truck: Carslie	Accounts Receivable	182	46.97	79373	
SPL	INVOICE	02/27/2021	DC	Sales Income	182	-46.97	79373	1.03	45.6	
ENDTRNS	
TRNS	INVOICE	02/27/2021	Truck: tahone	Accounts Receivable	182	11.86	79374	
SPL	INVOICE	02/27/2021	DC	Sales Income	182	-11.86	79374	0.26	45.62	
ENDTRNS	
TRNS	INVOICE	02/27/2021	Truck: 154154	Accounts Receivable	154	0	79375	
SPL	INVOICE	02/27/2021	H2	Sales Income	154	0.0	79375	0.74	0.0	
ENDTRNS	
TRNS	INVOICE	02/27/2021	Truck: 154silv	Accounts Receivable	154	0	79376	
SPL	INVOICE	02/27/2021	H2	Sales Income	154	0.0	79376	1.45	0.0	
ENDTRNS	
TRNS	INVOICE	02/27/2021	Truck: 154red	Accounts Receivable	154	0	79377	
SPL	INVOICE	02/27/2021	I-2	Sales Income	154	0.0	79377	0.07	0.0	
ENDTRNS	
TRNS	INVOICE	02/27/2021	Truck: 640154	Accounts Receivable	154	0	79378	
SPL	INVOICE	02/27/2021	H2	Sales Income	154	0.0	79378	1.17	0.0	
ENDTRNS	
TRNS	INVOICE	02/27/2021	Truck: 182lee	Accounts Receivable	154	0	79379	
SPL	INVOICE	02/27/2021	H2	Sales Income	154	0.0	79379	0.36	0.0	
ENDTRNS	
TRNS	INVOICE	02/27/2021	Truck: 125man	Accounts Receivable	154	0	79380	
SPL	INVOICE	02/27/2021	H2	Sales Income	154	0.0	79380	0.92	0.0	
ENDTRNS	
TRNS	INVOICE	02/27/2021	Truck: 154	Accounts Receivable	154	0	79381	
SPL	INVOICE	02/27/2021	H-2	Sales Income	154	0.0	79381	0.83	0.0	
ENDTRNS	
TRNS	INVOICE	02/27/2021	Truck: 154toy	Accounts Receivable	154	0	79382	
SPL	INVOICE	02/27/2021	I-2	Sales Income	154	0.0	79382	0.62	0.0	
ENDTRNS	
TRNS	INVOICE	02/27/2021	Truck: 154tac	Accounts Receivable	154	0	79383	
SPL	INVOICE	02/27/2021	H2	Sales Income	154	0.0	79383	0.33	0.0	
ENDTRNS	
TRNS	INVOICE	02/27/2021	Truck: 182	Accounts Receivable	182	48.34	79384	
SPL	INVOICE	02/27/2021	DC	Sales Income	182	-48.34	79384	1.06	45.6	
ENDTRNS	
TRNS	INVOICE	02/27/2021	Truck: 154blu	Accounts Receivable	154	0	79385	
SPL	INVOICE	02/27/2021	I-2	Sales Income	154	0.0	79385	0.99	0.0	
ENDTRNS	
TRNS	INVOICE	02/27/2021	Truck: 154dog	Accounts Receivable	154	0	79386	
SPL	INVOICE	02/27/2021	H2	Sales Income	154	0.0	79386	0.9	0.0	
ENDTRNS	
TRNS	INVOICE	02/27/2021	Truck: 154	Accounts Receivable	154	0	79387	
SPL	INVOICE	02/27/2021	H-2	Sales Income	154	0.0	79387	0.1	0.0	
ENDTRNS	
