!TRNS	TRANSTYPE	DATE	MEMO	ACCNT	NAME	AMOUNT	DOCNUM	
!SPL	TRANSTYPE	DATE	MEMO	ACCNT	NAME	AMOUNT	DOCNUM	QNTY	PRICE	
!ENDTRNS	
TRNS	INVOICE	05/29/2021	Truck: 154tra	Accounts Receivable	154	0	182	
SPL	INVOICE	05/29/2021	H2	Sales Income	154	0.0	182	1.4	0.0	
ENDTRNS	
TRNS	INVOICE	05/01/2021	Truck: 182	Accounts Receivable	182	10.03	82284	
SPL	INVOICE	05/01/2021	DC	Sales Income	182	-10.03	82284	0.22	45.59	
ENDTRNS	
TRNS	INVOICE	05/01/2021	Truck: 154	Accounts Receivable	154	0	82319	
SPL	INVOICE	05/01/2021	H-2	Sales Income	154	0.0	82319	1.82	0.0	
ENDTRNS	
TRNS	INVOICE	05/01/2021	Truck: 154	Accounts Receivable	154	0	82320	
SPL	INVOICE	05/01/2021	H-2	Sales Income	154	0.0	82320	0.14	0.0	
ENDTRNS	
TRNS	INVOICE	05/01/2021	Truck: 1822	Accounts Receivable	182	31.01	82321	
SPL	INVOICE	05/01/2021	DC	Sales Income	182	-31.01	82321	0.68	45.6	
ENDTRNS	
TRNS	INVOICE	05/01/2021	Truck: 182	Accounts Receivable	182	17.78	82322	
SPL	INVOICE	05/01/2021	DC	Sales Income	182	-17.78	82322	0.39	45.59	
ENDTRNS	
TRNS	INVOICE	05/01/2021	Truck: 154dog	Accounts Receivable	154	0	82323	
SPL	INVOICE	05/01/2021	H2	Sales Income	154	0.0	82323	0.05	0.0	
ENDTRNS	
TRNS	INVOICE	05/01/2021	Truck: 182	Accounts Receivable	182	8.21	82324	
SPL	INVOICE	05/01/2021	DC	Sales Income	182	-8.21	82324	0.18	45.61	
ENDTRNS	
TRNS	INVOICE	05/01/2021	Truck: 182lott	Accounts Receivable	182	8.21	82325	
SPL	INVOICE	05/01/2021	DC	Sales Income	182	-8.21	82325	0.18	45.61	
ENDTRNS	
TRNS	INVOICE	05/01/2021	Truck: 154matt	Accounts Receivable	154	0	82326	
SPL	INVOICE	05/01/2021	H2	Sales Income	154	0.0	82326	0.13	0.0	
ENDTRNS	
TRNS	INVOICE	05/01/2021	Truck: 154plake	Accounts Receivable	154	0	82327	
SPL	INVOICE	05/01/2021	H2	Sales Income	154	0.0	82327	0.3	0.0	
ENDTRNS	
TRNS	INVOICE	05/01/2021	Truck: 182fuss	Accounts Receivable	182	23.71	82328	
SPL	INVOICE	05/01/2021	DC	Sales Income	182	-23.71	82328	0.52	45.6	
ENDTRNS	
TRNS	INVOICE	05/01/2021	Truck: 154blaz	Accounts Receivable	154	0	82329	
SPL	INVOICE	05/01/2021	H2	Sales Income	154	0.0	82329	0.1	0.0	
ENDTRNS	
TRNS	INVOICE	05/01/2021	Truck: 154	Accounts Receivable	154	0	82330	
SPL	INVOICE	05/01/2021	H-2	Sales Income	154	0.0	82330	0.9	0.0	
ENDTRNS	
TRNS	INVOICE	05/01/2021	Truck: 154gmc	Accounts Receivable	154	0	82331	
SPL	INVOICE	05/01/2021	H2	Sales Income	154	0.0	82331	0.06	0.0	
ENDTRNS	
TRNS	INVOICE	05/01/2021	Truck: 786	Accounts Receivable	154	0	82332	
SPL	INVOICE	05/01/2021	H2	Sales Income	154	0.0	82332	0.24	0.0	
ENDTRNS	
TRNS	INVOICE	05/01/2021	Truck: 159	Accounts Receivable	154	0	82333	
SPL	INVOICE	05/01/2021	H2	Sales Income	154	0.0	82333	0.21	0.0	
ENDTRNS	
TRNS	INVOICE	05/01/2021	Truck: 182	Accounts Receivable	182	0	82334	
SPL	INVOICE	05/01/2021	H2	Sales Income	182	0.0	82334	0.86	0.0	
ENDTRNS	
TRNS	INVOICE	05/01/2021	Truck: 154che	Accounts Receivable	154	0	82335	
SPL	INVOICE	05/01/2021	I-2	Sales Income	154	0.0	82335	1.38	0.0	
ENDTRNS	
TRNS	INVOICE	05/01/2021	Truck: 1543	Accounts Receivable	154	0	82336	
SPL	INVOICE	05/01/2021	H2	Sales Income	154	0.0	82336	0.57	0.0	
ENDTRNS	
TRNS	INVOICE	05/01/2021	Truck: 154pc	Accounts Receivable	154	26.45	82337	
SPL	INVOICE	05/01/2021	DC	Sales Income	154	-26.45	82337	0.58	45.6	
ENDTRNS	
TRNS	INVOICE	05/01/2021	Truck: 154dump	Accounts Receivable	154	34.2	82338	
SPL	INVOICE	05/01/2021	I-1	Sales Income	154	-34.2	82338	1.9	18.0	
ENDTRNS	
TRNS	INVOICE	05/01/2021	Truck: 154dokata	Accounts Receivable	154	0	82339	
SPL	INVOICE	05/01/2021	H2	Sales Income	154	0.0	82339	0.33	0.0	
ENDTRNS	
TRNS	INVOICE	05/01/2021	Truck: 125154	Accounts Receivable	154	0	82340	
SPL	INVOICE	05/01/2021	H2	Sales Income	154	0.0	82340	0.06	0.0	
ENDTRNS	
TRNS	INVOICE	05/01/2021	Truck: 154ram	Accounts Receivable	154	0	82341	
SPL	INVOICE	05/01/2021	H2	Sales Income	154	0.0	82341	0.12	0.0	
ENDTRNS	
TRNS	INVOICE	05/01/2021	Truck: 182	Accounts Receivable	182	27.82	82342	
SPL	INVOICE	05/01/2021	DC	Sales Income	182	-27.82	82342	0.61	45.61	
ENDTRNS	
TRNS	INVOICE	05/01/2021	Truck: 154	Accounts Receivable	154	0	82343	
SPL	INVOICE	05/01/2021	I-2	Sales Income	154	0.0	82343	0.2	0.0	
ENDTRNS	
TRNS	INVOICE	05/01/2021	Truck: Red	Accounts Receivable	154	0	82344	
SPL	INVOICE	05/01/2021	I-2	Sales Income	154	0.0	82344	0.1	0.0	
ENDTRNS	
TRNS	INVOICE	05/01/2021	Truck: 154mounts	Accounts Receivable	154	0	82345	
SPL	INVOICE	05/01/2021	H2	Sales Income	154	0.0	82345	0.35	0.0	
ENDTRNS	
TRNS	INVOICE	05/01/2021	Truck: 166182	Accounts Receivable	182	10.94	82346	
SPL	INVOICE	05/01/2021	DC	Sales Income	182	-10.94	82346	0.24	45.58	
ENDTRNS	
TRNS	INVOICE	05/01/2021	Truck: 154uhaul	Accounts Receivable	154	0	82347	
SPL	INVOICE	05/01/2021	H2	Sales Income	154	0.0	82347	0.2	0.0	
ENDTRNS	
TRNS	INVOICE	05/01/2021	Truck: 182blu	Accounts Receivable	182	58.82	82348	
SPL	INVOICE	05/01/2021	DC	Sales Income	182	-58.82	82348	1.29	45.6	
ENDTRNS	
TRNS	INVOICE	05/01/2021	Truck: 154stump	Accounts Receivable	154	0	82349	
SPL	INVOICE	05/01/2021	H2	Sales Income	154	0.0	82349	0.06	0.0	
ENDTRNS	
TRNS	INVOICE	05/01/2021	Truck: 154van	Accounts Receivable	154	0	82350	
SPL	INVOICE	05/01/2021	I-2	Sales Income	154	0.0	82350	1.26	0.0	
ENDTRNS	
TRNS	INVOICE	05/01/2021	Truck: 317ross	Accounts Receivable	154	0	82351	
SPL	INVOICE	05/01/2021	I-2	Sales Income	154	0.0	82351	0.14	0.0	
ENDTRNS	
TRNS	INVOICE	05/01/2021	Truck: 154ross2	Accounts Receivable	154	0	82352	
SPL	INVOICE	05/01/2021	H2	Sales Income	154	0.0	82352	0.1	0.0	
ENDTRNS	
TRNS	INVOICE	05/01/2021	Truck: 154blu	Accounts Receivable	154	0	82353	
SPL	INVOICE	05/01/2021	H2	Sales Income	154	0.0	82353	0.19	0.0	
ENDTRNS	
TRNS	INVOICE	05/01/2021	Truck: 1547	Accounts Receivable	154	0	82354	
SPL	INVOICE	05/01/2021	I-2	Sales Income	154	0.0	82354	0.23	0.0	
ENDTRNS	
TRNS	INVOICE	05/01/2021	Truck: 154whit	Accounts Receivable	154	0	82355	
SPL	INVOICE	05/01/2021	H2	Sales Income	154	0.0	82355	0.07	0.0	
ENDTRNS	
TRNS	INVOICE	05/01/2021	Truck: 1549	Accounts Receivable	154	0	82356	
SPL	INVOICE	05/01/2021	H2	Sales Income	154	0.0	82356	0.23	0.0	
ENDTRNS	
TRNS	INVOICE	05/01/2021	Truck: 154	Accounts Receivable	154	0	82357	
SPL	INVOICE	05/01/2021	H-2	Sales Income	154	0.0	82357	0.03	0.0	
ENDTRNS	
TRNS	INVOICE	05/01/2021	Truck: 1542	Accounts Receivable	154	0	82358	
SPL	INVOICE	05/01/2021	H2	Sales Income	154	0.0	82358	0.19	0.0	
ENDTRNS	
TRNS	INVOICE	05/01/2021	Truck: 154fuss	Accounts Receivable	154	0	82359	
SPL	INVOICE	05/01/2021	I-2	Sales Income	154	0.0	82359	0.27	0.0	
ENDTRNS	
TRNS	INVOICE	05/01/2021	Truck: 182ram	Accounts Receivable	154	15.96	82360	
SPL	INVOICE	05/01/2021	DC	Sales Income	154	-15.96	82360	0.35	45.6	
ENDTRNS	
TRNS	INVOICE	05/01/2021	Truck: 154gre	Accounts Receivable	154	0	82361	
SPL	INVOICE	05/01/2021	I-2	Sales Income	154	0.0	82361	0.13	0.0	
ENDTRNS	
TRNS	INVOICE	05/01/2021	Truck: 374	Accounts Receivable	154	0	82362	
SPL	INVOICE	05/01/2021	I-2	Sales Income	154	0.0	82362	0.09	0.0	
ENDTRNS	
TRNS	INVOICE	05/01/2021	Truck: 820154	Accounts Receivable	154	0	82363	
SPL	INVOICE	05/01/2021	H2	Sales Income	154	0.0	82363	0.45	0.0	
ENDTRNS	
TRNS	INVOICE	05/01/2021	Truck: 154	Accounts Receivable	154	0	82364	
SPL	INVOICE	05/01/2021	I-2	Sales Income	154	0.0	82364	0.06	0.0	
ENDTRNS	
TRNS	INVOICE	05/01/2021	Truck: 5533	Accounts Receivable	154	0	82365	
SPL	INVOICE	05/01/2021	H2	Sales Income	154	0.0	82365	1.36	0.0	
ENDTRNS	
TRNS	INVOICE	05/01/2021	Truck: 1547	Accounts Receivable	154	0	82366	
SPL	INVOICE	05/01/2021	H2	Sales Income	154	0.0	82366	0.6	0.0	
ENDTRNS	
TRNS	INVOICE	05/01/2021	Truck: 154ross	Accounts Receivable	154	0	82367	
SPL	INVOICE	05/01/2021	H2	Sales Income	154	0.0	82367	0.2	0.0	
ENDTRNS	
TRNS	INVOICE	05/01/2021	Truck: 849	Accounts Receivable	154	0	82368	
SPL	INVOICE	05/01/2021	H2	Sales Income	154	0.0	82368	0.11	0.0	
ENDTRNS	
TRNS	INVOICE	05/01/2021	Truck: 154	Accounts Receivable	154	0	82369	
SPL	INVOICE	05/01/2021	H-2	Sales Income	154	0.0	82369	1.11	0.0	
ENDTRNS	
TRNS	INVOICE	05/01/2021	Truck: 182	Accounts Receivable	182	11.4	82370	
SPL	INVOICE	05/01/2021	DC	Sales Income	182	-11.4	82370	0.25	45.6	
ENDTRNS	
TRNS	INVOICE	05/01/2021	Truck: 154you	Accounts Receivable	154	0	82371	
SPL	INVOICE	05/01/2021	H2	Sales Income	154	0.0	82371	0.11	0.0	
ENDTRNS	
TRNS	INVOICE	05/01/2021	Truck: 188182	Accounts Receivable	182	45.6	82372	
SPL	INVOICE	05/01/2021	DC	Sales Income	182	-45.6	82372	1	45.6	
ENDTRNS	
TRNS	INVOICE	05/01/2021	Truck: 1548	Accounts Receivable	154	0	82373	
SPL	INVOICE	05/01/2021	H2	Sales Income	154	0.0	82373	0.78	0.0	
ENDTRNS	
TRNS	INVOICE	05/01/2021	Truck: 20154	Accounts Receivable	154	0	82374	
SPL	INVOICE	05/01/2021	H2	Sales Income	154	0.0	82374	0.38	0.0	
ENDTRNS	
TRNS	INVOICE	05/01/2021	Truck: 154	Accounts Receivable	154	0	82375	
SPL	INVOICE	05/01/2021	H-2	Sales Income	154	0.0	82375	0.6	0.0	
ENDTRNS	
TRNS	INVOICE	05/03/2021	Truck: 154	Accounts Receivable	154	0	82376	
SPL	INVOICE	05/03/2021	H-2	Sales Income	154	0.0	82376	0.1	0.0	
ENDTRNS	
TRNS	INVOICE	05/03/2021	Truck: 154/red	Accounts Receivable	154	0	82377	
SPL	INVOICE	05/03/2021	H2	Sales Income	154	0.0	82377	0.54	0.0	
ENDTRNS	
TRNS	INVOICE	05/03/2021	Truck: 1921-C	Accounts Receivable	162	0	82378	
SPL	INVOICE	05/03/2021	H-2	Sales Income	162	0.0	82378	3.19	0.0	
ENDTRNS	
TRNS	INVOICE	05/03/2021	Truck: 238	Accounts Receivable	238	40.58	82379	
SPL	INVOICE	05/03/2021	DC	Sales Income	238	-40.58	82379	0.89	45.6	
ENDTRNS	
TRNS	INVOICE	05/03/2021	Truck: 154chevy	Accounts Receivable	154	0	82380	
SPL	INVOICE	05/03/2021	H2	Sales Income	154	0.0	82380	0.17	0.0	
ENDTRNS	
TRNS	INVOICE	05/03/2021	Truck: 1001JCGCOM	Accounts Receivable	240	184.11	82382	
SPL	INVOICE	05/03/2021	H1	Sales Income	240	-184.11	82382	4.0375	45.6	
ENDTRNS	
TRNS	INVOICE	05/03/2021	Truck: 154vm2	Accounts Receivable	154	0	82383	
SPL	INVOICE	05/03/2021	H2	Sales Income	154	0.0	82383	0.34	0.0	
ENDTRNS	
TRNS	INVOICE	05/03/2021	Truck: 154	Accounts Receivable	236	0	82384	
SPL	INVOICE	05/03/2021	H-2	Sales Income	236	0.0	82384	1.35	0.0	
ENDTRNS	
TRNS	INVOICE	05/03/2021	Truck: 1921-O	Accounts Receivable	162	0	82385	
SPL	INVOICE	05/03/2021	H-2	Sales Income	162	0.0	82385	1.25	0.0	
ENDTRNS	
TRNS	INVOICE	05/03/2021	Truck: 1904	Accounts Receivable	162	0	82386	
SPL	INVOICE	05/03/2021	H-2	Sales Income	162	0.0	82386	4.83	0.0	
ENDTRNS	
TRNS	INVOICE	05/03/2021	Truck: 154	Accounts Receivable	236	0	82387	
SPL	INVOICE	05/03/2021	H2	Sales Income	236	0.0	82387	3.62	0.0	
ENDTRNS	
TRNS	INVOICE	05/03/2021	Truck: 182wf150	Accounts Receivable	182	24.62	82388	
SPL	INVOICE	05/03/2021	DC	Sales Income	182	-24.62	82388	0.54	45.59	
ENDTRNS	
TRNS	INVOICE	05/03/2021	Truck: 154redchvy	Accounts Receivable	154	0	82389	
SPL	INVOICE	05/03/2021	H2	Sales Income	154	0.0	82389	0.08	0.0	
ENDTRNS	
TRNS	INVOICE	05/03/2021	Truck: 154whttund	Accounts Receivable	154	0	82390	
SPL	INVOICE	05/03/2021	H2	Sales Income	154	0.0	82390	0.07	0.0	
ENDTRNS	
TRNS	INVOICE	05/03/2021	Truck: 1921-O	Accounts Receivable	162	0	82391	
SPL	INVOICE	05/03/2021	H-2	Sales Income	162	0.0	82391	1.34	0.0	
ENDTRNS	
TRNS	INVOICE	05/03/2021	Truck: 182	Accounts Receivable	182	100.32	82392	
SPL	INVOICE	05/03/2021	DC	Sales Income	182	-100.32	82392	2.2	45.6	
ENDTRNS	
TRNS	INVOICE	05/03/2021	Truck: 182/green	Accounts Receivable	182	49.7	82393	
SPL	INVOICE	05/03/2021	H1	Sales Income	182	-49.7	82393	1.09	45.6	
ENDTRNS	
TRNS	INVOICE	05/03/2021	Truck: Renee 2	Accounts Receivable	194	17.78	82394	
SPL	INVOICE	05/03/2021	H1	Sales Income	194	-17.78	82394	0.39	45.59	
ENDTRNS	
TRNS	INVOICE	05/03/2021	Truck: 154reddull	Accounts Receivable	154	0	82395	
SPL	INVOICE	05/03/2021	H2	Sales Income	154	0.0	82395	0.11	0.0	
ENDTRNS	
TRNS	INVOICE	05/03/2021	Truck: 154	Accounts Receivable	154	0	82396	
SPL	INVOICE	05/03/2021	H-2	Sales Income	154	0.0	82396	1.21	0.0	
ENDTRNS	
TRNS	INVOICE	05/03/2021	Truck: 1895	Accounts Receivable	173	0	82397	
SPL	INVOICE	05/03/2021	H-3	Sales Income	173	0.0	82397	27.46	0.0	
ENDTRNS	
TRNS	INVOICE	05/03/2021	Truck: 238	Accounts Receivable	238	23.71	82398	
SPL	INVOICE	05/03/2021	DC	Sales Income	238	-23.71	82398	0.52	45.6	
ENDTRNS	
TRNS	INVOICE	05/03/2021	Truck: 154	Accounts Receivable	154	0	82399	
SPL	INVOICE	05/03/2021	H-2	Sales Income	154	0.0	82399	0.31	0.0	
ENDTRNS	
TRNS	INVOICE	05/03/2021	Truck: 1 2 3	Accounts Receivable	154	0	82400	
SPL	INVOICE	05/03/2021	H-2	Sales Income	154	0.0	82400	4.56	0.0	
ENDTRNS	
TRNS	INVOICE	05/03/2021	Truck: 1921-C	Accounts Receivable	162	0	82401	
SPL	INVOICE	05/03/2021	H-2	Sales Income	162	0.0	82401	9	0.0	
ENDTRNS	
TRNS	INVOICE	05/03/2021	Truck: 154	Accounts Receivable	154	0	82402	
SPL	INVOICE	05/03/2021	H-2	Sales Income	154	0.0	82402	0.08	0.0	
ENDTRNS	
TRNS	INVOICE	05/03/2021	Truck: 154wt	Accounts Receivable	154	0	82403	
SPL	INVOICE	05/03/2021	H2	Sales Income	154	0.0	82403	0.24	0.0	
ENDTRNS	
TRNS	INVOICE	05/03/2021	Truck: 182	Accounts Receivable	182	57.46	82404	
SPL	INVOICE	05/03/2021	H1	Sales Income	182	-57.46	82404	1.26	45.6	
ENDTRNS	
TRNS	INVOICE	05/03/2021	Truck: 154	Accounts Receivable	154	0	82405	
SPL	INVOICE	05/03/2021	H-2	Sales Income	154	0.0	82405	0.16	0.0	
ENDTRNS	
TRNS	INVOICE	05/03/2021	Truck: 182/gray15	Accounts Receivable	182	15.05	82406	
SPL	INVOICE	05/03/2021	DC	Sales Income	182	-15.05	82406	0.33	45.61	
ENDTRNS	
TRNS	INVOICE	05/03/2021	Truck: 154	Accounts Receivable	154	0	82407	
SPL	INVOICE	05/03/2021	H-2	Sales Income	154	0.0	82407	0.08	0.0	
ENDTRNS	
TRNS	INVOICE	05/03/2021	Truck: 154reddull	Accounts Receivable	154	0	82408	
SPL	INVOICE	05/03/2021	H2	Sales Income	154	0.0	82408	0.17	0.0	
ENDTRNS	
TRNS	INVOICE	05/03/2021	Truck: 182reddump	Accounts Receivable	182	64.3	82409	
SPL	INVOICE	05/03/2021	DC	Sales Income	182	-64.3	82409	1.41	45.6	
ENDTRNS	
TRNS	INVOICE	05/03/2021	Truck: 1923	Accounts Receivable	162	0	82410	
SPL	INVOICE	05/03/2021	H-2	Sales Income	162	0.0	82410	9.92	0.0	
ENDTRNS	
TRNS	INVOICE	05/03/2021	Truck: 1906	Accounts Receivable	162	0	82411	
SPL	INVOICE	05/03/2021	H-2	Sales Income	162	0.0	82411	8.99	0.0	
ENDTRNS	
TRNS	INVOICE	05/03/2021	Truck: 1921-O	Accounts Receivable	162	0	82412	
SPL	INVOICE	05/03/2021	H-2	Sales Income	162	0.0	82412	3.26	0.0	
ENDTRNS	
TRNS	INVOICE	05/03/2021	Truck: 182whtram	Accounts Receivable	182	138.17	82413	
SPL	INVOICE	05/03/2021	DC	Sales Income	182	-138.17	82413	3.03	45.6	
ENDTRNS	
TRNS	INVOICE	05/03/2021	Truck: 1904	Accounts Receivable	162	0	82414	
SPL	INVOICE	05/03/2021	H-2	Sales Income	162	0.0	82414	5.48	0.0	
ENDTRNS	
TRNS	INVOICE	05/03/2021	Truck: 1907	Accounts Receivable	162	0	82415	
SPL	INVOICE	05/03/2021	H-2	Sales Income	162	0.0	82415	9.97	0.0	
ENDTRNS	
TRNS	INVOICE	05/03/2021	Truck: 154	Accounts Receivable	154	0	82416	
SPL	INVOICE	05/03/2021	H-2	Sales Income	154	0.0	82416	0.01	0.0	
ENDTRNS	
TRNS	INVOICE	05/03/2021	Truck: 182	Accounts Receivable	182	14.14	82417	
SPL	INVOICE	05/03/2021	DC	Sales Income	182	-14.14	82417	0.31	45.61	
ENDTRNS	
TRNS	INVOICE	05/03/2021	Truck: 1921-O	Accounts Receivable	162	0	82418	
SPL	INVOICE	05/03/2021	H-2	Sales Income	162	0.0	82418	3.67	0.0	
ENDTRNS	
TRNS	INVOICE	05/03/2021	Truck: 154	Accounts Receivable	154	0	82419	
SPL	INVOICE	05/03/2021	H-2	Sales Income	154	0.0	82419	0.06	0.0	
ENDTRNS	
TRNS	INVOICE	05/03/2021	Truck: 154	Accounts Receivable	154	0	82420	
SPL	INVOICE	05/03/2021	H-2	Sales Income	154	0.0	82420	0.11	0.0	
ENDTRNS	
TRNS	INVOICE	05/03/2021	Truck: 1903	Accounts Receivable	162	0	82421	
SPL	INVOICE	05/03/2021	H-2	Sales Income	162	0.0	82421	6.88	0.0	
ENDTRNS	
TRNS	INVOICE	05/03/2021	Truck: 154	Accounts Receivable	154	0	82422	
SPL	INVOICE	05/03/2021	H-2	Sales Income	154	0.0	82422	0.15	0.0	
ENDTRNS	
TRNS	INVOICE	05/03/2021	Truck: 154	Accounts Receivable	154	0	82423	
SPL	INVOICE	05/03/2021	H-2	Sales Income	154	0.0	82423	0.05	0.0	
ENDTRNS	
TRNS	INVOICE	05/03/2021	Truck: 182	Accounts Receivable	182	50.16	82424	
SPL	INVOICE	05/03/2021	DC	Sales Income	182	-50.16	82424	1.1	45.6	
ENDTRNS	
TRNS	INVOICE	05/03/2021	Truck: 154	Accounts Receivable	154	0	82425	
SPL	INVOICE	05/03/2021	H-2	Sales Income	154	0.0	82425	0.3	0.0	
ENDTRNS	
TRNS	INVOICE	05/04/2021	Truck: 1607	Accounts Receivable	240	164.14	82426	
SPL	INVOICE	05/04/2021	H1	Sales Income	240	-164.14	82426	3.5995	45.6	
ENDTRNS	
TRNS	INVOICE	05/04/2021	Truck: 238	Accounts Receivable	238	13.68	82427	
SPL	INVOICE	05/04/2021	DC	Sales Income	238	-13.68	82427	0.3	45.6	
ENDTRNS	
TRNS	INVOICE	05/04/2021	Truck: 1895	Accounts Receivable	173	0	82428	
SPL	INVOICE	05/04/2021	H-3	Sales Income	173	0.0	82428	25.58	0.0	
ENDTRNS	
TRNS	INVOICE	05/04/2021	Truck: 1934	Accounts Receivable	173	0	82429	
SPL	INVOICE	05/04/2021	H-3	Sales Income	173	0.0	82429	27.66	0.0	
ENDTRNS	
TRNS	INVOICE	05/04/2021	Truck: 74	Accounts Receivable	182	10.49	82430	
SPL	INVOICE	05/04/2021	DC	Sales Income	182	-10.49	82430	0.23	45.61	
ENDTRNS	
TRNS	INVOICE	05/04/2021	Truck: 1607	Accounts Receivable	240	215.67	82431	
SPL	INVOICE	05/04/2021	H1	Sales Income	240	-215.67	82431	4.7295	45.6	
ENDTRNS	
TRNS	INVOICE	05/04/2021	Truck: 182	Accounts Receivable	182	10.49	82432	
SPL	INVOICE	05/04/2021	DC	Sales Income	182	-10.49	82432	0.23	45.61	
ENDTRNS	
TRNS	INVOICE	05/04/2021	Truck: 154dog	Accounts Receivable	154	0	82433	
SPL	INVOICE	05/04/2021	H2	Sales Income	154	0.0	82433	0.15	0.0	
ENDTRNS	
TRNS	INVOICE	05/04/2021	Truck: kennedy	Accounts Receivable	182	72.5	82434	
SPL	INVOICE	05/04/2021	DC	Sales Income	182	-72.5	82434	1.59	45.6	
ENDTRNS	
TRNS	INVOICE	05/04/2021	Truck: Renee 2	Accounts Receivable	194	8.66	82435	
SPL	INVOICE	05/04/2021	H1	Sales Income	194	-8.66	82435	0.19	45.58	
ENDTRNS	
TRNS	INVOICE	05/04/2021	Truck: 1547	Accounts Receivable	154	0	82436	
SPL	INVOICE	05/04/2021	H2	Sales Income	154	0.0	82436	0.25	0.0	
ENDTRNS	
TRNS	INVOICE	05/04/2021	Truck: 1542	Accounts Receivable	154	0	82437	
SPL	INVOICE	05/04/2021	H2	Sales Income	154	0.0	82437	0.27	0.0	
ENDTRNS	
TRNS	INVOICE	05/04/2021	Truck: 150182	Accounts Receivable	182	45.14	82438	
SPL	INVOICE	05/04/2021	DC	Sales Income	182	-45.14	82438	0.99	45.6	
ENDTRNS	
TRNS	INVOICE	05/04/2021	Truck: 1546	Accounts Receivable	154	66.6	82439	
SPL	INVOICE	05/04/2021	I-1	Sales Income	154	-66.6	82439	3.7	18.0	
ENDTRNS	
TRNS	INVOICE	05/04/2021	Truck: 182grey	Accounts Receivable	182	17.33	82440	
SPL	INVOICE	05/04/2021	DC	Sales Income	182	-17.33	82440	0.38	45.61	
ENDTRNS	
TRNS	INVOICE	05/04/2021	Truck: 1895	Accounts Receivable	173	0	82441	
SPL	INVOICE	05/04/2021	H-3	Sales Income	173	0.0	82441	27.05	0.0	
ENDTRNS	
TRNS	INVOICE	05/04/2021	Truck: 1904	Accounts Receivable	162	0	82442	
SPL	INVOICE	05/04/2021	H-2	Sales Income	162	0.0	82442	8.86	0.0	
ENDTRNS	
TRNS	INVOICE	05/04/2021	Truck: 154speedy	Accounts Receivable	154	0	82443	
SPL	INVOICE	05/04/2021	H2	Sales Income	154	0.0	82443	1.19	0.0	
ENDTRNS	
TRNS	INVOICE	05/04/2021	Truck: 1822	Accounts Receivable	182	16.87	82444	
SPL	INVOICE	05/04/2021	DC	Sales Income	182	-16.87	82444	0.37	45.59	
ENDTRNS	
TRNS	INVOICE	05/04/2021	Truck: 154red	Accounts Receivable	154	0	82445	
SPL	INVOICE	05/04/2021	H2	Sales Income	154	0.0	82445	0.28	0.0	
ENDTRNS	
TRNS	INVOICE	05/04/2021	Truck: 182	Accounts Receivable	182	4.1	82446	
SPL	INVOICE	05/04/2021	DC	Sales Income	182	-4.1	82446	0.09	45.56	
ENDTRNS	
TRNS	INVOICE	05/04/2021	Truck: 1934	Accounts Receivable	173	0	82447	
SPL	INVOICE	05/04/2021	H-3	Sales Income	173	0.0	82447	29.02	0.0	
ENDTRNS	
TRNS	INVOICE	05/04/2021	Truck: 1907	Accounts Receivable	162	0	82448	
SPL	INVOICE	05/04/2021	H-2	Sales Income	162	0.0	82448	7.88	0.0	
ENDTRNS	
TRNS	INVOICE	05/04/2021	Truck: 182	Accounts Receivable	182	31.5	82449	
SPL	INVOICE	05/04/2021	I-1	Sales Income	182	-31.5	82449	1.75	18.0	
ENDTRNS	
TRNS	INVOICE	05/04/2021	Truck: Renee 2	Accounts Receivable	194	14.14	82450	
SPL	INVOICE	05/04/2021	H1	Sales Income	194	-14.14	82450	0.31	45.61	
ENDTRNS	
TRNS	INVOICE	05/04/2021	Truck: 1905	Accounts Receivable	162	0	82451	
SPL	INVOICE	05/04/2021	H-2	Sales Income	162	0.0	82451	8.17	0.0	
ENDTRNS	
TRNS	INVOICE	05/04/2021	Truck: 182carter	Accounts Receivable	154	15.48	82452	
SPL	INVOICE	05/04/2021	I-1	Sales Income	154	-15.48	82452	0.86	18.0	
ENDTRNS	
TRNS	INVOICE	05/04/2021	Truck: 1923	Accounts Receivable	162	0	82453	
SPL	INVOICE	05/04/2021	H-2	Sales Income	162	0.0	82453	10.54	0.0	
ENDTRNS	
TRNS	INVOICE	05/04/2021	Truck: 182ram	Accounts Receivable	182	25.54	82454	
SPL	INVOICE	05/04/2021	DC	Sales Income	182	-25.54	82454	0.56	45.61	
ENDTRNS	
TRNS	INVOICE	05/04/2021	Truck: 154b250	Accounts Receivable	154	0	82455	
SPL	INVOICE	05/04/2021	H2	Sales Income	154	0.0	82455	0.07	0.0	
ENDTRNS	
TRNS	INVOICE	05/04/2021	Truck: 154tund	Accounts Receivable	154	0	82456	
SPL	INVOICE	05/04/2021	H2	Sales Income	154	0.0	82456	0.2	0.0	
ENDTRNS	
TRNS	INVOICE	05/04/2021	Truck: 1903	Accounts Receivable	162	0	82457	
SPL	INVOICE	05/04/2021	H-2	Sales Income	162	0.0	82457	9.9	0.0	
ENDTRNS	
TRNS	INVOICE	05/04/2021	Truck: 1904	Accounts Receivable	162	0	82458	
SPL	INVOICE	05/04/2021	H-2	Sales Income	162	0.0	82458	2.96	0.0	
ENDTRNS	
TRNS	INVOICE	05/04/2021	Truck: 182f550	Accounts Receivable	182	69.77	82459	
SPL	INVOICE	05/04/2021	DC	Sales Income	182	-69.77	82459	1.53	45.6	
ENDTRNS	
TRNS	INVOICE	05/04/2021	Truck: 154whchev	Accounts Receivable	154	0	82460	
SPL	INVOICE	05/04/2021	I-2	Sales Income	154	0.0	82460	1.7	0.0	
ENDTRNS	
TRNS	INVOICE	05/04/2021	Truck: 1895	Accounts Receivable	173	0	82461	
SPL	INVOICE	05/04/2021	H-3	Sales Income	173	0.0	82461	28.3	0.0	
ENDTRNS	
TRNS	INVOICE	05/04/2021	Truck: 145/350s	Accounts Receivable	154	0	82462	
SPL	INVOICE	05/04/2021	H2	Sales Income	154	0.0	82462	0.23	0.0	
ENDTRNS	
TRNS	INVOICE	05/04/2021	Truck: 182carter	Accounts Receivable	182	47.7	82463	
SPL	INVOICE	05/04/2021	I-1	Sales Income	182	-47.7	82463	2.65	18.0	
ENDTRNS	
TRNS	INVOICE	05/04/2021	Truck: 154whtchev	Accounts Receivable	154	0	82464	
SPL	INVOICE	05/04/2021	H2	Sales Income	154	0.0	82464	0.04	0.0	
ENDTRNS	
TRNS	INVOICE	05/04/2021	Truck: 182whtchev	Accounts Receivable	182	38.76	82465	
SPL	INVOICE	05/04/2021	H1	Sales Income	182	-38.76	82465	0.85	45.6	
ENDTRNS	
TRNS	INVOICE	05/04/2021	Truck: 154	Accounts Receivable	182	59.28	82466	
SPL	INVOICE	05/04/2021	DC	Sales Income	182	-59.28	82466	1.3	45.6	
ENDTRNS	
TRNS	INVOICE	05/04/2021	Truck: 182dod	Accounts Receivable	182	10.49	82467	
SPL	INVOICE	05/04/2021	DC	Sales Income	182	-10.49	82467	0.23	45.61	
ENDTRNS	
TRNS	INVOICE	05/04/2021	Truck: 182bram	Accounts Receivable	182	20.52	82468	
SPL	INVOICE	05/04/2021	DC	Sales Income	182	-20.52	82468	0.45	45.6	
ENDTRNS	
TRNS	INVOICE	05/04/2021	Truck: 154	Accounts Receivable	154	0	82469	
SPL	INVOICE	05/04/2021	H-2	Sales Income	154	0.0	82469	0.06	0.0	
ENDTRNS	
TRNS	INVOICE	05/04/2021	Truck: 154wht150	Accounts Receivable	154	0	82470	
SPL	INVOICE	05/04/2021	H2	Sales Income	154	0.0	82470	0.1	0.0	
ENDTRNS	
TRNS	INVOICE	05/04/2021	Truck: 1906	Accounts Receivable	162	0	82471	
SPL	INVOICE	05/04/2021	H-2	Sales Income	162	0.0	82471	11.05	0.0	
ENDTRNS	
TRNS	INVOICE	05/04/2021	Truck: 154toy	Accounts Receivable	154	0	82472	
SPL	INVOICE	05/04/2021	H2	Sales Income	154	0.0	82472	0.04	0.0	
ENDTRNS	
TRNS	INVOICE	05/04/2021	Truck: 154wchev	Accounts Receivable	154	0	82473	
SPL	INVOICE	05/04/2021	H2	Sales Income	154	0.0	82473	0.14	0.0	
ENDTRNS	
TRNS	INVOICE	05/05/2021	Truck: 1607	Accounts Receivable	240	204.72	82474	
SPL	INVOICE	05/05/2021	H1	Sales Income	240	-204.72	82474	4.4895	45.6	
ENDTRNS	
TRNS	INVOICE	05/05/2021	Truck: 1895	Accounts Receivable	173	0	82475	
SPL	INVOICE	05/05/2021	H-3	Sales Income	173	0.0	82475	37.34	0.0	
ENDTRNS	
TRNS	INVOICE	05/05/2021	Truck: 154	Accounts Receivable	154	0	82476	
SPL	INVOICE	05/05/2021	H-2	Sales Income	154	0.0	82476	0.19	0.0	
ENDTRNS	
TRNS	INVOICE	05/05/2021	Truck: 154	Accounts Receivable	154	0	82477	
SPL	INVOICE	05/05/2021	H-2	Sales Income	154	0.0	82477	0.41	0.0	
ENDTRNS	
TRNS	INVOICE	05/05/2021	Truck: 154	Accounts Receivable	154	0	82478	
SPL	INVOICE	05/05/2021	H-2	Sales Income	154	0.0	82478	0.22	0.0	
ENDTRNS	
TRNS	INVOICE	05/05/2021	Truck: 182	Accounts Receivable	182	0	82479	
SPL	INVOICE	05/05/2021	H2	Sales Income	182	0.0	82479	0.28	0.0	
ENDTRNS	
TRNS	INVOICE	05/05/2021	Truck: 182	Accounts Receivable	182	39.42	82480	
SPL	INVOICE	05/05/2021	I-1	Sales Income	182	-39.42	82480	2.19	18.0	
ENDTRNS	
TRNS	INVOICE	05/05/2021	Truck: 182	Accounts Receivable	182	44.23	82481	
SPL	INVOICE	05/05/2021	DC	Sales Income	182	-44.23	82481	0.97	45.6	
ENDTRNS	
TRNS	INVOICE	05/05/2021	Truck: 154	Accounts Receivable	154	0	82482	
SPL	INVOICE	05/05/2021	W-1 (White Goods )	Sales Income	154	0.0	82482	0.02	0.0	
ENDTRNS	
TRNS	INVOICE	05/05/2021	Truck: 182	Accounts Receivable	182	6.12	82483	
SPL	INVOICE	05/05/2021	I-1	Sales Income	182	-6.12	82483	0.34	18.0	
ENDTRNS	
TRNS	INVOICE	05/05/2021	Truck: 182	Accounts Receivable	122	51.07	82484	
SPL	INVOICE	05/05/2021	DC	Sales Income	122	-51.07	82484	1.12	45.6	
ENDTRNS	
TRNS	INVOICE	05/05/2021	Truck: 1822	Accounts Receivable	154	0	82485	
SPL	INVOICE	05/05/2021	I-2	Sales Income	154	0.0	82485	6.48	0.0	
ENDTRNS	
TRNS	INVOICE	05/05/2021	Truck: 1895	Accounts Receivable	173	0	82486	
SPL	INVOICE	05/05/2021	H-3	Sales Income	173	0.0	82486	26.91	0.0	
ENDTRNS	
TRNS	INVOICE	05/05/2021	Truck: 1904	Accounts Receivable	162	0	82487	
SPL	INVOICE	05/05/2021	H-2	Sales Income	162	0.0	82487	9.8	0.0	
ENDTRNS	
TRNS	INVOICE	05/05/2021	Truck: 154	Accounts Receivable	154	0	82488	
SPL	INVOICE	05/05/2021	H-2	Sales Income	154	0.0	82488	0.42	0.0	
ENDTRNS	
TRNS	INVOICE	05/05/2021	Truck: 182	Accounts Receivable	182	0	82489	
SPL	INVOICE	05/05/2021	DC	Sales Income	182	0.0	82489	0	0.0	
ENDTRNS	
TRNS	INVOICE	05/05/2021	Truck: 154	Accounts Receivable	154	0	82490	
SPL	INVOICE	05/05/2021	H-2	Sales Income	154	0.0	82490	0.1	0.0	
ENDTRNS	
TRNS	INVOICE	05/05/2021	Truck: 1923	Accounts Receivable	162	0	82491	
SPL	INVOICE	05/05/2021	H-2	Sales Income	162	0.0	82491	8.76	0.0	
ENDTRNS	
TRNS	INVOICE	05/05/2021	Truck: 182	Accounts Receivable	182	26.46	82492	
SPL	INVOICE	05/05/2021	I-1	Sales Income	182	-26.46	82492	1.47	18.0	
ENDTRNS	
TRNS	INVOICE	05/05/2021	Truck: 1822	Accounts Receivable	182	36.94	82493	
SPL	INVOICE	05/05/2021	DC	Sales Income	182	-36.94	82493	0.81	45.6	
ENDTRNS	
TRNS	INVOICE	05/05/2021	Truck: 1903	Accounts Receivable	162	0	82494	
SPL	INVOICE	05/05/2021	H-2	Sales Income	162	0.0	82494	8.95	0.0	
ENDTRNS	
TRNS	INVOICE	05/05/2021	Truck: 1904	Accounts Receivable	162	0	82495	
SPL	INVOICE	05/05/2021	H-2	Sales Income	162	0.0	82495	2.33	0.0	
ENDTRNS	
TRNS	INVOICE	05/05/2021	Truck: 1905	Accounts Receivable	162	0	82496	
SPL	INVOICE	05/05/2021	H-2	Sales Income	162	0.0	82496	6.63	0.0	
ENDTRNS	
TRNS	INVOICE	05/05/2021	Truck: 1546	Accounts Receivable	154	0	82497	
SPL	INVOICE	05/05/2021	H2	Sales Income	154	0.0	82497	0.26	0.0	
ENDTRNS	
TRNS	INVOICE	05/05/2021	Truck: 182	Accounts Receivable	182	37.98	82498	
SPL	INVOICE	05/05/2021	I-1	Sales Income	182	-37.98	82498	2.11	18.0	
ENDTRNS	
TRNS	INVOICE	05/05/2021	Truck: 182	Accounts Receivable	182	22.8	82499	
SPL	INVOICE	05/05/2021	DC	Sales Income	182	-22.8	82499	0.5	45.6	
ENDTRNS	
TRNS	INVOICE	05/05/2021	Truck: 182	Accounts Receivable	182	10.94	82500	
SPL	INVOICE	05/05/2021	DC	Sales Income	182	-10.94	82500	0.24	45.58	
ENDTRNS	
TRNS	INVOICE	05/05/2021	Truck: 1827	Accounts Receivable	182	23.71	82501	
SPL	INVOICE	05/05/2021	DC	Sales Income	182	-23.71	82501	0.52	45.6	
ENDTRNS	
TRNS	INVOICE	05/06/2021	Truck: 1921-O	Accounts Receivable	162	0	82502	
SPL	INVOICE	05/06/2021	H-2	Sales Income	162	0.0	82502	5.47	0.0	
ENDTRNS	
TRNS	INVOICE	05/06/2021	Truck: 154	Accounts Receivable	154	0	82503	
SPL	INVOICE	05/06/2021	H-2	Sales Income	154	0.0	82503	0.45	0.0	
ENDTRNS	
TRNS	INVOICE	05/06/2021	Truck: 1706comp	Accounts Receivable	240	192.89	82504	
SPL	INVOICE	05/06/2021	H1	Sales Income	240	-192.89	82504	4.23	45.6	
ENDTRNS	
TRNS	INVOICE	05/06/2021	Truck: 1895	Accounts Receivable	173	0	82505	
SPL	INVOICE	05/06/2021	H-3	Sales Income	173	0.0	82505	33.27	0.0	
ENDTRNS	
TRNS	INVOICE	05/06/2021	Truck: 154	Accounts Receivable	154	0	82506	
SPL	INVOICE	05/06/2021	H-2	Sales Income	154	0.0	82506	0.04	0.0	
ENDTRNS	
TRNS	INVOICE	05/06/2021	Truck: 154	Accounts Receivable	154	0	82507	
SPL	INVOICE	05/06/2021	H-2	Sales Income	154	0.0	82507	0.05	0.0	
ENDTRNS	
TRNS	INVOICE	05/06/2021	Truck: 154	Accounts Receivable	154	0	82508	
SPL	INVOICE	05/06/2021	I-2	Sales Income	154	0.0	82508	0.51	0.0	
ENDTRNS	
TRNS	INVOICE	05/06/2021	Truck: 1542	Accounts Receivable	154	0	82509	
SPL	INVOICE	05/06/2021	I-2	Sales Income	154	0.0	82509	1.55	0.0	
ENDTRNS	
TRNS	INVOICE	05/06/2021	Truck: 154gre	Accounts Receivable	154	0	82510	
SPL	INVOICE	05/06/2021	H2	Sales Income	154	0.0	82510	0.13	0.0	
ENDTRNS	
TRNS	INVOICE	05/06/2021	Truck: 238	Accounts Receivable	238	74.78	82511	
SPL	INVOICE	05/06/2021	DC	Sales Income	238	-74.78	82511	1.64	45.6	
ENDTRNS	
TRNS	INVOICE	05/06/2021	Truck: 1921-I	Accounts Receivable	162	0	82512	
SPL	INVOICE	05/06/2021	I-2	Sales Income	162	0.0	82512	0.98	0.0	
ENDTRNS	
TRNS	INVOICE	05/06/2021	Truck: 154	Accounts Receivable	154	0	82513	
SPL	INVOICE	05/06/2021	H-2	Sales Income	154	0.0	82513	0.12	0.0	
ENDTRNS	
TRNS	INVOICE	05/06/2021	Truck: 182emfin	Accounts Receivable	182	16.87	82514	
SPL	INVOICE	05/06/2021	DC	Sales Income	182	-16.87	82514	0.37	45.59	
ENDTRNS	
TRNS	INVOICE	05/06/2021	Truck: 154red	Accounts Receivable	154	0	82515	
SPL	INVOICE	05/06/2021	W-1 (White Goods )	Sales Income	154	0.0	82515	0.17	0.0	
ENDTRNS	
TRNS	INVOICE	05/06/2021	Truck: 1543	Accounts Receivable	154	0	82516	
SPL	INVOICE	05/06/2021	H2	Sales Income	154	0.0	82516	0.12	0.0	
ENDTRNS	
TRNS	INVOICE	05/06/2021	Truck: 1 2 3	Accounts Receivable	154	0	82517	
SPL	INVOICE	05/06/2021	H-2	Sales Income	154	0.0	82517	4.02	0.0	
ENDTRNS	
TRNS	INVOICE	05/06/2021	Truck: 1895	Accounts Receivable	173	0	82518	
SPL	INVOICE	05/06/2021	H-3	Sales Income	173	0.0	82518	24.66	0.0	
ENDTRNS	
TRNS	INVOICE	05/06/2021	Truck: 154	Accounts Receivable	154	0	82519	
SPL	INVOICE	05/06/2021	H-2	Sales Income	154	0.0	82519	0.06	0.0	
ENDTRNS	
TRNS	INVOICE	05/06/2021	Truck: 1543	Accounts Receivable	154	0	82520	
SPL	INVOICE	05/06/2021	H2	Sales Income	154	0.0	82520	0.09	0.0	
ENDTRNS	
TRNS	INVOICE	05/06/2021	Truck: 1548	Accounts Receivable	154	0	82521	
SPL	INVOICE	05/06/2021	H2	Sales Income	154	0.0	82521	0.17	0.0	
ENDTRNS	
TRNS	INVOICE	05/06/2021	Truck: 1921-O	Accounts Receivable	162	0	82522	
SPL	INVOICE	05/06/2021	H-2	Sales Income	162	0.0	82522	2.71	0.0	
ENDTRNS	
TRNS	INVOICE	05/06/2021	Truck: 1906	Accounts Receivable	162	0	82523	
SPL	INVOICE	05/06/2021	H-2	Sales Income	162	0.0	82523	7.78	0.0	
ENDTRNS	
TRNS	INVOICE	05/06/2021	Truck: 182	Accounts Receivable	182	15.96	82524	
SPL	INVOICE	05/06/2021	DC	Sales Income	182	-15.96	82524	0.35	45.6	
ENDTRNS	
TRNS	INVOICE	05/06/2021	Truck: 1907	Accounts Receivable	162	0	82525	
SPL	INVOICE	05/06/2021	H-2	Sales Income	162	0.0	82525	6.69	0.0	
ENDTRNS	
TRNS	INVOICE	05/06/2021	Truck: 1923	Accounts Receivable	162	0	82526	
SPL	INVOICE	05/06/2021	H-2	Sales Income	162	0.0	82526	7.26	0.0	
ENDTRNS	
TRNS	INVOICE	05/06/2021	Truck: 154	Accounts Receivable	154	0	82527	
SPL	INVOICE	05/06/2021	H-2	Sales Income	154	0.0	82527	0.03	0.0	
ENDTRNS	
TRNS	INVOICE	05/06/2021	Truck: 1904	Accounts Receivable	162	0	82528	
SPL	INVOICE	05/06/2021	H-2	Sales Income	162	0.0	82528	7.07	0.0	
ENDTRNS	
TRNS	INVOICE	05/06/2021	Truck: 154red	Accounts Receivable	154	0	82529	
SPL	INVOICE	05/06/2021	H2	Sales Income	154	0.0	82529	0.53	0.0	
ENDTRNS	
TRNS	INVOICE	05/06/2021	Truck: Renee 2	Accounts Receivable	194	14.59	82530	
SPL	INVOICE	05/06/2021	H1	Sales Income	194	-14.59	82530	0.32	45.59	
ENDTRNS	
TRNS	INVOICE	05/06/2021	Truck: 154grey	Accounts Receivable	154	0	82531	
SPL	INVOICE	05/06/2021	H2	Sales Income	154	0.0	82531	0.08	0.0	
ENDTRNS	
TRNS	INVOICE	05/06/2021	Truck: 182judy	Accounts Receivable	182	13.22	82532	
SPL	INVOICE	05/06/2021	DC	Sales Income	182	-13.22	82532	0.29	45.59	
ENDTRNS	
TRNS	INVOICE	05/06/2021	Truck: 154grass	Accounts Receivable	154	0	82533	
SPL	INVOICE	05/06/2021	I-2	Sales Income	154	0.0	82533	1.59	0.0	
ENDTRNS	
TRNS	INVOICE	05/06/2021	Truck: 1921-O	Accounts Receivable	162	0	82534	
SPL	INVOICE	05/06/2021	H-2	Sales Income	162	0.0	82534	3.34	0.0	
ENDTRNS	
TRNS	INVOICE	05/06/2021	Truck: 154315	Accounts Receivable	154	0	82535	
SPL	INVOICE	05/06/2021	H2	Sales Income	154	0.0	82535	1.42	0.0	
ENDTRNS	
TRNS	INVOICE	05/06/2021	Truck: 154faded	Accounts Receivable	154	0	82536	
SPL	INVOICE	05/06/2021	H2	Sales Income	154	0.0	82536	0.2	0.0	
ENDTRNS	
TRNS	INVOICE	05/06/2021	Truck: 154taco	Accounts Receivable	154	0	82537	
SPL	INVOICE	05/06/2021	H2	Sales Income	154	0.0	82537	0.16	0.0	
ENDTRNS	
TRNS	INVOICE	05/06/2021	Truck: 154seria	Accounts Receivable	154	0	82538	
SPL	INVOICE	05/06/2021	H2	Sales Income	154	0.0	82538	0.05	0.0	
ENDTRNS	
TRNS	INVOICE	05/06/2021	Truck: Angela	Accounts Receivable	182	0	82539	
SPL	INVOICE	05/06/2021	H2	Sales Income	182	0.0	82539	0.85	0.0	
ENDTRNS	
TRNS	INVOICE	05/06/2021	Truck: 154bill	Accounts Receivable	154	0	82540	
SPL	INVOICE	05/06/2021	H2	Sales Income	154	0.0	82540	3.64	0.0	
ENDTRNS	
TRNS	INVOICE	05/06/2021	Truck: 1903	Accounts Receivable	162	0	82541	
SPL	INVOICE	05/06/2021	H-2	Sales Income	162	0.0	82541	7.6	0.0	
ENDTRNS	
TRNS	INVOICE	05/06/2021	Truck: 182dog	Accounts Receivable	182	44.69	82542	
SPL	INVOICE	05/06/2021	DC	Sales Income	182	-44.69	82542	0.98	45.6	
ENDTRNS	
TRNS	INVOICE	05/06/2021	Truck: 101154	Accounts Receivable	154	0	82543	
SPL	INVOICE	05/06/2021	I-2	Sales Income	154	0.0	82543	0.18	0.0	
ENDTRNS	
TRNS	INVOICE	05/06/2021	Truck: 397	Accounts Receivable	154	0	82544	
SPL	INVOICE	05/06/2021	H2	Sales Income	154	0.0	82544	0.74	0.0	
ENDTRNS	
TRNS	INVOICE	05/06/2021	Truck: 182judy	Accounts Receivable	182	12.31	82545	
SPL	INVOICE	05/06/2021	DC	Sales Income	182	-12.31	82545	0.27	45.59	
ENDTRNS	
TRNS	INVOICE	05/06/2021	Truck: 1895	Accounts Receivable	173	0	82546	
SPL	INVOICE	05/06/2021	H-3	Sales Income	173	0.0	82546	29.8	0.0	
ENDTRNS	
TRNS	INVOICE	05/06/2021	Truck: 154	Accounts Receivable	154	0	82547	
SPL	INVOICE	05/06/2021	H-2	Sales Income	154	0.0	82547	0.4	0.0	
ENDTRNS	
TRNS	INVOICE	05/06/2021	Truck: 1547	Accounts Receivable	154	0	82548	
SPL	INVOICE	05/06/2021	H2	Sales Income	154	0.0	82548	0.08	0.0	
ENDTRNS	
TRNS	INVOICE	05/07/2021	Truck: 182	Accounts Receivable	182	100.78	82549	
SPL	INVOICE	05/07/2021	DC	Sales Income	182	-100.78	82549	2.21	45.6	
ENDTRNS	
TRNS	INVOICE	05/07/2021	Truck: 1706comp	Accounts Receivable	240	136.34	82550	
SPL	INVOICE	05/07/2021	H1	Sales Income	240	-136.34	82550	2.99	45.6	
ENDTRNS	
TRNS	INVOICE	05/07/2021	Truck: 154	Accounts Receivable	154	0	82551	
SPL	INVOICE	05/07/2021	H-2	Sales Income	154	0.0	82551	0.22	0.0	
ENDTRNS	
TRNS	INVOICE	05/07/2021	Truck: 1895	Accounts Receivable	173	0	82552	
SPL	INVOICE	05/07/2021	H-3	Sales Income	173	0.0	82552	28.02	0.0	
ENDTRNS	
TRNS	INVOICE	05/07/2021	Truck: 1921-I	Accounts Receivable	162	0	82553	
SPL	INVOICE	05/07/2021	I-2	Sales Income	162	0.0	82553	1.13	0.0	
ENDTRNS	
TRNS	INVOICE	05/07/2021	Truck: 182	Accounts Receivable	182	3.65	82554	
SPL	INVOICE	05/07/2021	DC	Sales Income	182	-3.65	82554	0.08	45.62	
ENDTRNS	
TRNS	INVOICE	05/07/2021	Truck: 154	Accounts Receivable	154	0	82555	
SPL	INVOICE	05/07/2021	H-2	Sales Income	154	0.0	82555	0.31	0.0	
ENDTRNS	
TRNS	INVOICE	05/07/2021	Truck: 405-1301	Accounts Receivable	150	0	82556	
SPL	INVOICE	05/07/2021	I-2	Sales Income	150	0.0	82556	0.21	0.0	
ENDTRNS	
TRNS	INVOICE	05/07/2021	Truck: 182	Accounts Receivable	182	46.51	82557	
SPL	INVOICE	05/07/2021	DC	Sales Income	182	-46.51	82557	1.02	45.6	
ENDTRNS	
TRNS	INVOICE	05/07/2021	Truck: 1921-C	Accounts Receivable	162	0	82558	
SPL	INVOICE	05/07/2021	H-2	Sales Income	162	0.0	82558	5.71	0.0	
ENDTRNS	
TRNS	INVOICE	05/07/2021	Truck: 154	Accounts Receivable	154	0	82559	
SPL	INVOICE	05/07/2021	H-2	Sales Income	154	0.0	82559	0.12	0.0	
ENDTRNS	
TRNS	INVOICE	05/07/2021	Truck: 154ram	Accounts Receivable	154	0	82560	
SPL	INVOICE	05/07/2021	H2	Sales Income	154	0.0	82560	0.09	0.0	
ENDTRNS	
TRNS	INVOICE	05/07/2021	Truck: 154	Accounts Receivable	154	0	82561	
SPL	INVOICE	05/07/2021	H-2	Sales Income	154	0.0	82561	0.24	0.0	
ENDTRNS	
TRNS	INVOICE	05/07/2021	Truck: 1895	Accounts Receivable	173	0	82562	
SPL	INVOICE	05/07/2021	H-3	Sales Income	173	0.0	82562	20.78	0.0	
ENDTRNS	
TRNS	INVOICE	05/07/2021	Truck: 1921-C	Accounts Receivable	162	0	82563	
SPL	INVOICE	05/07/2021	H-2	Sales Income	162	0.0	82563	4.46	0.0	
ENDTRNS	
TRNS	INVOICE	05/07/2021	Truck: 154	Accounts Receivable	154	0	82564	
SPL	INVOICE	05/07/2021	H-2	Sales Income	154	0.0	82564	1.21	0.0	
ENDTRNS	
TRNS	INVOICE	05/07/2021	Truck: 154gmc	Accounts Receivable	154	0	82565	
SPL	INVOICE	05/07/2021	I-2	Sales Income	154	0.0	82565	1.06	0.0	
ENDTRNS	
TRNS	INVOICE	05/07/2021	Truck: 154f150	Accounts Receivable	154	0	82566	
SPL	INVOICE	05/07/2021	H2	Sales Income	154	0.0	82566	0.17	0.0	
ENDTRNS	
TRNS	INVOICE	05/07/2021	Truck: 182	Accounts Receivable	182	0	82567	
SPL	INVOICE	05/07/2021	H2	Sales Income	182	0.0	82567	0.09	0.0	
ENDTRNS	
TRNS	INVOICE	05/07/2021	Truck: 1907	Accounts Receivable	162	0	82568	
SPL	INVOICE	05/07/2021	H-2	Sales Income	162	0.0	82568	8.83	0.0	
ENDTRNS	
TRNS	INVOICE	05/07/2021	Truck: 154red	Accounts Receivable	154	0	82569	
SPL	INVOICE	05/07/2021	I-2	Sales Income	154	0.0	82569	0.14	0.0	
ENDTRNS	
TRNS	INVOICE	05/07/2021	Truck: 154redd	Accounts Receivable	154	0	82570	
SPL	INVOICE	05/07/2021	I-2	Sales Income	154	0.0	82570	0.04	0.0	
ENDTRNS	
TRNS	INVOICE	05/07/2021	Truck: 238	Accounts Receivable	238	14.59	82571	
SPL	INVOICE	05/07/2021	DC	Sales Income	238	-14.59	82571	0.32	45.59	
ENDTRNS	
TRNS	INVOICE	05/07/2021	Truck: Renee 2	Accounts Receivable	194	11.86	82572	
SPL	INVOICE	05/07/2021	H1	Sales Income	194	-11.86	82572	0.26	45.62	
ENDTRNS	
TRNS	INVOICE	05/07/2021	Truck: 1903	Accounts Receivable	162	0	82573	
SPL	INVOICE	05/07/2021	H-2	Sales Income	162	0.0	82573	7.11	0.0	
ENDTRNS	
TRNS	INVOICE	05/07/2021	Truck: 1904	Accounts Receivable	162	0	82574	
SPL	INVOICE	05/07/2021	H-2	Sales Income	162	0.0	82574	7.47	0.0	
ENDTRNS	
TRNS	INVOICE	05/07/2021	Truck: 182	Accounts Receivable	182	24.17	82575	
SPL	INVOICE	05/07/2021	DC	Sales Income	182	-24.17	82575	0.53	45.6	
ENDTRNS	
TRNS	INVOICE	05/07/2021	Truck: 1923	Accounts Receivable	162	0	82576	
SPL	INVOICE	05/07/2021	H-2	Sales Income	162	0.0	82576	8.29	0.0	
ENDTRNS	
TRNS	INVOICE	05/07/2021	Truck: 154red	Accounts Receivable	154	0	82577	
SPL	INVOICE	05/07/2021	I-2	Sales Income	154	0.0	82577	0.03	0.0	
ENDTRNS	
TRNS	INVOICE	05/07/2021	Truck: 1543	Accounts Receivable	154	0	82578	
SPL	INVOICE	05/07/2021	H2	Sales Income	154	0.0	82578	0.24	0.0	
ENDTRNS	
TRNS	INVOICE	05/07/2021	Truck: 154	Accounts Receivable	154	0	82579	
SPL	INVOICE	05/07/2021	H-2	Sales Income	154	0.0	82579	0.18	0.0	
ENDTRNS	
TRNS	INVOICE	05/07/2021	Truck: 182	Accounts Receivable	182	16.42	82580	
SPL	INVOICE	05/07/2021	DC	Sales Income	182	-16.42	82580	0.36	45.61	
ENDTRNS	
TRNS	INVOICE	05/07/2021	Truck: 1542	Accounts Receivable	154	0	82581	
SPL	INVOICE	05/07/2021	H2	Sales Income	154	0.0	82581	0.23	0.0	
ENDTRNS	
TRNS	INVOICE	05/07/2021	Truck: 154ram	Accounts Receivable	154	0	82582	
SPL	INVOICE	05/07/2021	I-2	Sales Income	154	0.0	82582	0.32	0.0	
ENDTRNS	
TRNS	INVOICE	05/07/2021	Truck: 182sikes	Accounts Receivable	182	32.04	82583	
SPL	INVOICE	05/07/2021	I-1	Sales Income	182	-32.04	82583	1.78	18.0	
ENDTRNS	
TRNS	INVOICE	05/07/2021	Truck: Woodbury	Accounts Receivable	154	0	82584	
SPL	INVOICE	05/07/2021	H2	Sales Income	154	0.0	82584	0.26	0.0	
ENDTRNS	
TRNS	INVOICE	05/07/2021	Truck: 1542ram	Accounts Receivable	154	0	82585	
SPL	INVOICE	05/07/2021	I-2	Sales Income	154	0.0	82585	1.71	0.0	
ENDTRNS	
TRNS	INVOICE	05/07/2021	Truck: 1906	Accounts Receivable	162	0	82586	
SPL	INVOICE	05/07/2021	H-2	Sales Income	162	0.0	82586	9.1	0.0	
ENDTRNS	
TRNS	INVOICE	05/07/2021	Truck: 144182	Accounts Receivable	182	5.02	82587	
SPL	INVOICE	05/07/2021	DC	Sales Income	182	-5.02	82587	0.11	45.64	
ENDTRNS	
TRNS	INVOICE	05/07/2021	Truck: 154	Accounts Receivable	154	0	82588	
SPL	INVOICE	05/07/2021	H2	Sales Income	154	0.0	82588	0.02	0.0	
ENDTRNS	
TRNS	INVOICE	05/07/2021	Truck: davis	Accounts Receivable	182	56.54	82589	
SPL	INVOICE	05/07/2021	DC	Sales Income	182	-56.54	82589	1.24	45.6	
ENDTRNS	
TRNS	INVOICE	05/07/2021	Truck: Sam	Accounts Receivable	154	0	82590	
SPL	INVOICE	05/07/2021	I-2	Sales Income	154	0.0	82590	0.1	0.0	
ENDTRNS	
TRNS	INVOICE	05/07/2021	Truck: 1931	Accounts Receivable	173	0	82591	
SPL	INVOICE	05/07/2021	H-3	Sales Income	173	0.0	82591	30.46	0.0	
ENDTRNS	
TRNS	INVOICE	05/08/2021	Truck: 154wchev	Accounts Receivable	154	0	82592	
SPL	INVOICE	05/08/2021	I-2	Sales Income	154	0.0	82592	0.25	0.0	
ENDTRNS	
TRNS	INVOICE	05/08/2021	Truck: 154grytoy	Accounts Receivable	154	0	82593	
SPL	INVOICE	05/08/2021	I-2	Sales Income	154	0.0	82593	0.17	0.0	
ENDTRNS	
TRNS	INVOICE	05/08/2021	Truck: 154f250	Accounts Receivable	154	0	82594	
SPL	INVOICE	05/08/2021	H2	Sales Income	154	0.0	82594	1.05	0.0	
ENDTRNS	
TRNS	INVOICE	05/08/2021	Truck: 154gry250	Accounts Receivable	154	0	82595	
SPL	INVOICE	05/08/2021	I-2	Sales Income	154	0.0	82595	0.04	0.0	
ENDTRNS	
TRNS	INVOICE	05/08/2021	Truck: 182sikes	Accounts Receivable	182	50.22	82596	
SPL	INVOICE	05/08/2021	I-1	Sales Income	182	-50.22	82596	2.79	18.0	
ENDTRNS	
TRNS	INVOICE	05/08/2021	Truck: 154titan	Accounts Receivable	154	0	82597	
SPL	INVOICE	05/08/2021	I-2	Sales Income	154	0.0	82597	0.9	0.0	
ENDTRNS	
TRNS	INVOICE	05/08/2021	Truck: 154wtoy	Accounts Receivable	154	0	82598	
SPL	INVOICE	05/08/2021	H2	Sales Income	154	0.0	82598	0.6	0.0	
ENDTRNS	
TRNS	INVOICE	05/08/2021	Truck: 182c3500	Accounts Receivable	182	39.67	82599	
SPL	INVOICE	05/08/2021	H1	Sales Income	182	-39.67	82599	0.87	45.6	
ENDTRNS	
TRNS	INVOICE	05/08/2021	Truck: 154jeff	Accounts Receivable	154	0	82600	
SPL	INVOICE	05/08/2021	H2	Sales Income	154	0.0	82600	0.12	0.0	
ENDTRNS	
TRNS	INVOICE	05/08/2021	Truck: 154taho	Accounts Receivable	154	0	82601	
SPL	INVOICE	05/08/2021	H2	Sales Income	154	0.0	82601	0.45	0.0	
ENDTRNS	
TRNS	INVOICE	05/08/2021	Truck: 154blkdod	Accounts Receivable	154	0	82602	
SPL	INVOICE	05/08/2021	H2	Sales Income	154	0.0	82602	0.29	0.0	
ENDTRNS	
TRNS	INVOICE	05/08/2021	Truck: 154ram	Accounts Receivable	154	0	82603	
SPL	INVOICE	05/08/2021	H2	Sales Income	154	0.0	82603	0.12	0.0	
ENDTRNS	
TRNS	INVOICE	05/08/2021	Truck: 153z71	Accounts Receivable	154	0	82604	
SPL	INVOICE	05/08/2021	I-2	Sales Income	154	0.0	82604	0.04	0.0	
ENDTRNS	
TRNS	INVOICE	05/08/2021	Truck: 154whram	Accounts Receivable	154	0	82605	
SPL	INVOICE	05/08/2021	I-2	Sales Income	154	0.0	82605	0.59	0.0	
ENDTRNS	
TRNS	INVOICE	05/08/2021	Truck: 154sport	Accounts Receivable	154	0	82606	
SPL	INVOICE	05/08/2021	H2	Sales Income	154	0.0	82606	0.06	0.0	
ENDTRNS	
TRNS	INVOICE	05/08/2021	Truck: 154suv	Accounts Receivable	154	0	82607	
SPL	INVOICE	05/08/2021	H2	Sales Income	154	0.0	82607	0.14	0.0	
ENDTRNS	
TRNS	INVOICE	05/08/2021	Truck: 154blu150	Accounts Receivable	154	0	82608	
SPL	INVOICE	05/08/2021	H2	Sales Income	154	0.0	82608	0.06	0.0	
ENDTRNS	
TRNS	INVOICE	05/08/2021	Truck: 154wood	Accounts Receivable	154	0	82609	
SPL	INVOICE	05/08/2021	I-2	Sales Income	154	0.0	82609	1.01	0.0	
ENDTRNS	
TRNS	INVOICE	05/08/2021	Truck: 154gryram	Accounts Receivable	154	0	82610	
SPL	INVOICE	05/08/2021	H2	Sales Income	154	0.0	82610	0.49	0.0	
ENDTRNS	
TRNS	INVOICE	05/08/2021	Truck: 154nis	Accounts Receivable	154	0	82611	
SPL	INVOICE	05/08/2021	H2	Sales Income	154	0.0	82611	0.05	0.0	
ENDTRNS	
TRNS	INVOICE	05/08/2021	Truck: 154oldchev	Accounts Receivable	154	0	82612	
SPL	INVOICE	05/08/2021	I-2	Sales Income	154	0.0	82612	0.06	0.0	
ENDTRNS	
TRNS	INVOICE	05/08/2021	Truck: 154burram	Accounts Receivable	154	0	82613	
SPL	INVOICE	05/08/2021	H2	Sales Income	154	0.0	82613	0.08	0.0	
ENDTRNS	
TRNS	INVOICE	05/08/2021	Truck: 154grytit	Accounts Receivable	154	0	82614	
SPL	INVOICE	05/08/2021	H2	Sales Income	154	0.0	82614	0.07	0.0	
ENDTRNS	
TRNS	INVOICE	05/08/2021	Truck: 154bl150	Accounts Receivable	154	0	82615	
SPL	INVOICE	05/08/2021	H2	Sales Income	154	0.0	82615	0.27	0.0	
ENDTRNS	
TRNS	INVOICE	05/08/2021	Truck: 154wtac	Accounts Receivable	154	0	82616	
SPL	INVOICE	05/08/2021	H2	Sales Income	154	0.0	82616	0.04	0.0	
ENDTRNS	
TRNS	INVOICE	05/08/2021	Truck: 182sil150	Accounts Receivable	182	17.78	82617	
SPL	INVOICE	05/08/2021	DC	Sales Income	182	-17.78	82617	0.39	45.59	
ENDTRNS	
TRNS	INVOICE	05/08/2021	Truck: 154jeff	Accounts Receivable	154	0	82618	
SPL	INVOICE	05/08/2021	H2	Sales Income	154	0.0	82618	0.13	0.0	
ENDTRNS	
TRNS	INVOICE	05/08/2021	Truck: 154van	Accounts Receivable	154	0	82619	
SPL	INVOICE	05/08/2021	H2	Sales Income	154	0.0	82619	0.03	0.0	
ENDTRNS	
TRNS	INVOICE	05/08/2021	Truck: 154grran	Accounts Receivable	154	0	82620	
SPL	INVOICE	05/08/2021	H2	Sales Income	154	0.0	82620	0.06	0.0	
ENDTRNS	
TRNS	INVOICE	05/08/2021	Truck: 154grytoy	Accounts Receivable	154	0	82621	
SPL	INVOICE	05/08/2021	I-2	Sales Income	154	0.0	82621	0.15	0.0	
ENDTRNS	
TRNS	INVOICE	05/08/2021	Truck: 154gry150	Accounts Receivable	154	0	82622	
SPL	INVOICE	05/08/2021	H2	Sales Income	154	0.0	82622	0.07	0.0	
ENDTRNS	
TRNS	INVOICE	05/08/2021	Truck: 154blazer	Accounts Receivable	154	0	82623	
SPL	INVOICE	05/08/2021	I-2	Sales Income	154	0.0	82623	0.05	0.0	
ENDTRNS	
TRNS	INVOICE	05/08/2021	Truck: 154trd	Accounts Receivable	154	0	82624	
SPL	INVOICE	05/08/2021	H2	Sales Income	154	0.0	82624	0.51	0.0	
ENDTRNS	
TRNS	INVOICE	05/08/2021	Truck: 154bl1504	Accounts Receivable	154	0	82625	
SPL	INVOICE	05/08/2021	H2	Sales Income	154	0.0	82625	1.1	0.0	
ENDTRNS	
TRNS	INVOICE	05/08/2021	Truck: 154silchev	Accounts Receivable	154	0	82626	
SPL	INVOICE	05/08/2021	I-2	Sales Income	154	0.0	82626	0.62	0.0	
ENDTRNS	
TRNS	INVOICE	05/08/2021	Truck: 154blk150	Accounts Receivable	154	0	82627	
SPL	INVOICE	05/08/2021	H2	Sales Income	154	0.0	82627	0.35	0.0	
ENDTRNS	
TRNS	INVOICE	05/08/2021	Truck: 154county	Accounts Receivable	154	0	82628	
SPL	INVOICE	05/08/2021	H2	Sales Income	154	0.0	82628	0.04	0.0	
ENDTRNS	
TRNS	INVOICE	05/08/2021	Truck: 154ranger	Accounts Receivable	154	0	82629	
SPL	INVOICE	05/08/2021	H2	Sales Income	154	0.0	82629	0.01	0.0	
ENDTRNS	
TRNS	INVOICE	05/08/2021	Truck: 154sil	Accounts Receivable	154	0	82630	
SPL	INVOICE	05/08/2021	H2	Sales Income	154	0.0	82630	0.2	0.0	
ENDTRNS	
TRNS	INVOICE	05/08/2021	Truck: 154stx	Accounts Receivable	154	0	82631	
SPL	INVOICE	05/08/2021	H2	Sales Income	154	0.0	82631	0.14	0.0	
ENDTRNS	
TRNS	INVOICE	05/08/2021	Truck: 154grn150	Accounts Receivable	154	0	82632	
SPL	INVOICE	05/08/2021	H2	Sales Income	154	0.0	82632	0.11	0.0	
ENDTRNS	
TRNS	INVOICE	05/08/2021	Truck: 182redsil	Accounts Receivable	182	11.86	82633	
SPL	INVOICE	05/08/2021	DC	Sales Income	182	-11.86	82633	0.26	45.62	
ENDTRNS	
TRNS	INVOICE	05/08/2021	Truck: 154blksil	Accounts Receivable	154	0	82634	
SPL	INVOICE	05/08/2021	H2	Sales Income	154	0.0	82634	0.71	0.0	
ENDTRNS	
TRNS	INVOICE	05/08/2021	Truck: 154bgchev	Accounts Receivable	154	0	82635	
SPL	INVOICE	05/08/2021	H2	Sales Income	154	0.0	82635	0.19	0.0	
ENDTRNS	
TRNS	INVOICE	05/08/2021	Truck: 154duel	Accounts Receivable	154	0	82636	
SPL	INVOICE	05/08/2021	I-2	Sales Income	154	0.0	82636	0.74	0.0	
ENDTRNS	
TRNS	INVOICE	05/08/2021	Truck: 154dog	Accounts Receivable	154	0	82637	
SPL	INVOICE	05/08/2021	I-2	Sales Income	154	0.0	82637	0.08	0.0	
ENDTRNS	
TRNS	INVOICE	05/08/2021	Truck: 154s10	Accounts Receivable	154	0	82638	
SPL	INVOICE	05/08/2021	I-2	Sales Income	154	0.0	82638	0.11	0.0	
ENDTRNS	
TRNS	INVOICE	05/08/2021	Truck: 154bxtrl	Accounts Receivable	154	0	82639	
SPL	INVOICE	05/08/2021	H2	Sales Income	154	0.0	82639	0.22	0.0	
ENDTRNS	
TRNS	INVOICE	05/08/2021	Truck: 154hat	Accounts Receivable	154	0	82640	
SPL	INVOICE	05/08/2021	H2	Sales Income	154	0.0	82640	0.05	0.0	
ENDTRNS	
TRNS	INVOICE	05/08/2021	Truck: 154bludod	Accounts Receivable	154	0	82641	
SPL	INVOICE	05/08/2021	H2	Sales Income	154	0.0	82641	0.07	0.0	
ENDTRNS	
TRNS	INVOICE	05/08/2021	Truck: 154sildod	Accounts Receivable	154	0	82642	
SPL	INVOICE	05/08/2021	H2	Sales Income	154	0.0	82642	0.61	0.0	
ENDTRNS	
TRNS	INVOICE	05/08/2021	Truck: 154wtoy	Accounts Receivable	154	0	82643	
SPL	INVOICE	05/08/2021	H2	Sales Income	154	0.0	82643	0.06	0.0	
ENDTRNS	
TRNS	INVOICE	05/08/2021	Truck: 154burg150	Accounts Receivable	154	0	82644	
SPL	INVOICE	05/08/2021	I-2	Sales Income	154	0.0	82644	0.44	0.0	
ENDTRNS	
TRNS	INVOICE	05/08/2021	Truck: 154suv	Accounts Receivable	154	0	82645	
SPL	INVOICE	05/08/2021	H2	Sales Income	154	0.0	82645	0.06	0.0	
ENDTRNS	
TRNS	INVOICE	05/08/2021	Truck: 154rf150	Accounts Receivable	154	0	82646	
SPL	INVOICE	05/08/2021	H2	Sales Income	154	0.0	82646	0.07	0.0	
ENDTRNS	
TRNS	INVOICE	05/08/2021	Truck: 182sawyer	Accounts Receivable	182	26.9	82647	
SPL	INVOICE	05/08/2021	DC	Sales Income	182	-26.9	82647	0.59	45.59	
ENDTRNS	
TRNS	INVOICE	05/08/2021	Truck: 154tex	Accounts Receivable	154	0	82648	
SPL	INVOICE	05/08/2021	H2	Sales Income	154	0.0	82648	0.12	0.0	
ENDTRNS	
TRNS	INVOICE	05/08/2021	Truck: 154wtac	Accounts Receivable	154	0	82649	
SPL	INVOICE	05/08/2021	H2	Sales Income	154	0.0	82649	0.04	0.0	
ENDTRNS	
TRNS	INVOICE	05/08/2021	Truck: 154b150	Accounts Receivable	154	0	82650	
SPL	INVOICE	05/08/2021	H2	Sales Income	154	0.0	82650	0.02	0.0	
ENDTRNS	
TRNS	INVOICE	05/08/2021	Truck: 154tac	Accounts Receivable	154	0	82651	
SPL	INVOICE	05/08/2021	H2	Sales Income	154	0.0	82651	0.03	0.0	
ENDTRNS	
TRNS	INVOICE	05/08/2021	Truck: 154color	Accounts Receivable	154	0	82652	
SPL	INVOICE	05/08/2021	H2	Sales Income	154	0.0	82652	0.1	0.0	
ENDTRNS	
TRNS	INVOICE	05/08/2021	Truck: 154blgr	Accounts Receivable	154	0	82653	
SPL	INVOICE	05/08/2021	H2	Sales Income	154	0.0	82653	0.03	0.0	
ENDTRNS	
TRNS	INVOICE	05/08/2021	Truck: 154poodle	Accounts Receivable	154	0	82654	
SPL	INVOICE	05/08/2021	H2	Sales Income	154	0.0	82654	0.46	0.0	
ENDTRNS	
TRNS	INVOICE	05/08/2021	Truck: 154grydool	Accounts Receivable	154	0	82655	
SPL	INVOICE	05/08/2021	H2	Sales Income	154	0.0	82655	0.47	0.0	
ENDTRNS	
TRNS	INVOICE	05/08/2021	Truck: 182rdram	Accounts Receivable	182	10.03	82656	
SPL	INVOICE	05/08/2021	DC	Sales Income	182	-10.03	82656	0.22	45.59	
ENDTRNS	
TRNS	INVOICE	05/08/2021	Truck: 182sikes	Accounts Receivable	182	42.66	82657	
SPL	INVOICE	05/08/2021	I-1	Sales Income	182	-42.66	82657	2.37	18.0	
ENDTRNS	
TRNS	INVOICE	05/08/2021	Truck: 154grypu	Accounts Receivable	154	0	82658	
SPL	INVOICE	05/08/2021	H2	Sales Income	154	0.0	82658	0.35	0.0	
ENDTRNS	
TRNS	INVOICE	05/08/2021	Truck: 154blkhond	Accounts Receivable	154	0	82659	
SPL	INVOICE	05/08/2021	H2	Sales Income	154	0.0	82659	0.11	0.0	
ENDTRNS	
TRNS	INVOICE	05/08/2021	Truck: 154wchev	Accounts Receivable	154	0	82660	
SPL	INVOICE	05/08/2021	H2	Sales Income	154	0.0	82660	1.44	0.0	
ENDTRNS	
TRNS	INVOICE	05/08/2021	Truck: 154rec	Accounts Receivable	154	0	82661	
SPL	INVOICE	05/08/2021	I-2	Sales Income	154	0.0	82661	0.79	0.0	
ENDTRNS	
TRNS	INVOICE	05/08/2021	Truck: 154gry4x4	Accounts Receivable	154	0	82662	
SPL	INVOICE	05/08/2021	H2	Sales Income	154	0.0	82662	0.55	0.0	
ENDTRNS	
TRNS	INVOICE	05/08/2021	Truck: 154cchev	Accounts Receivable	154	0	82663	
SPL	INVOICE	05/08/2021	H2	Sales Income	154	0.0	82663	0.21	0.0	
ENDTRNS	
TRNS	INVOICE	05/08/2021	Truck: 154sierra	Accounts Receivable	154	0	82664	
SPL	INVOICE	05/08/2021	H2	Sales Income	154	0.0	82664	0.03	0.0	
ENDTRNS	
TRNS	INVOICE	05/08/2021	Truck: 154gmc	Accounts Receivable	154	0	82665	
SPL	INVOICE	05/08/2021	H2	Sales Income	154	0.0	82665	0.65	0.0	
ENDTRNS	
TRNS	INVOICE	05/08/2021	Truck: 182wdump	Accounts Receivable	182	72.5	82666	
SPL	INVOICE	05/08/2021	DC	Sales Income	182	-72.5	82666	1.59	45.6	
ENDTRNS	
TRNS	INVOICE	05/08/2021	Truck: 154red2500	Accounts Receivable	154	0	82667	
SPL	INVOICE	05/08/2021	H2	Sales Income	154	0.0	82667	0.05	0.0	
ENDTRNS	
TRNS	INVOICE	05/08/2021	Truck: 154sil	Accounts Receivable	154	0	82668	
SPL	INVOICE	05/08/2021	H2	Sales Income	154	0.0	82668	0.01	0.0	
ENDTRNS	
TRNS	INVOICE	05/10/2021	Truck: 182z71	Accounts Receivable	154	0	82669	
SPL	INVOICE	05/10/2021	H2	Sales Income	154	0.0	82669	0.76	0.0	
ENDTRNS	
TRNS	INVOICE	05/08/2021	Truck: 154bldak	Accounts Receivable	154	0	82670	
SPL	INVOICE	05/08/2021	H2	Sales Income	154	0.0	82670	0.08	0.0	
ENDTRNS	
TRNS	INVOICE	05/08/2021	Truck: 182blf150	Accounts Receivable	182	4.1	82671	
SPL	INVOICE	05/08/2021	DC	Sales Income	182	-4.1	82671	0.09	45.56	
ENDTRNS	
TRNS	INVOICE	05/08/2021	Truck: 154powers	Accounts Receivable	154	0	82672	
SPL	INVOICE	05/08/2021	H2	Sales Income	154	0.0	82672	0.54	0.0	
ENDTRNS	
TRNS	INVOICE	05/08/2021	Truck: 154whsierr	Accounts Receivable	154	0	82673	
SPL	INVOICE	05/08/2021	I-2	Sales Income	154	0.0	82673	0.57	0.0	
ENDTRNS	
TRNS	INVOICE	05/08/2021	Truck: 154schev	Accounts Receivable	154	0	82674	
SPL	INVOICE	05/08/2021	H2	Sales Income	154	0.0	82674	0.06	0.0	
ENDTRNS	
TRNS	INVOICE	05/08/2021	Truck: 154yuk	Accounts Receivable	154	0	82675	
SPL	INVOICE	05/08/2021	H2	Sales Income	154	0.0	82675	0.09	0.0	
ENDTRNS	
TRNS	INVOICE	05/08/2021	Truck: 154blchev	Accounts Receivable	154	0	82676	
SPL	INVOICE	05/08/2021	H2	Sales Income	154	0.0	82676	0.2	0.0	
ENDTRNS	
TRNS	INVOICE	05/08/2021	Truck: 154silram	Accounts Receivable	154	0	82677	
SPL	INVOICE	05/08/2021	H2	Sales Income	154	0.0	82677	0.14	0.0	
ENDTRNS	
TRNS	INVOICE	05/08/2021	Truck: 154tac	Accounts Receivable	154	0	82678	
SPL	INVOICE	05/08/2021	I-2	Sales Income	154	0.0	82678	0.01	0.0	
ENDTRNS	
TRNS	INVOICE	05/08/2021	Truck: 154esc	Accounts Receivable	154	0	82679	
SPL	INVOICE	05/08/2021	I-2	Sales Income	154	0.0	82679	0.09	0.0	
ENDTRNS	
TRNS	INVOICE	05/08/2021	Truck: 154bls10	Accounts Receivable	154	0	82680	
SPL	INVOICE	05/08/2021	H2	Sales Income	154	0.0	82680	0.05	0.0	
ENDTRNS	
TRNS	INVOICE	05/08/2021	Truck: 154gryram	Accounts Receivable	154	0	82681	
SPL	INVOICE	05/08/2021	H2	Sales Income	154	0.0	82681	0.21	0.0	
ENDTRNS	
TRNS	INVOICE	05/08/2021	Truck: 154whcar	Accounts Receivable	154	0	82682	
SPL	INVOICE	05/08/2021	H2	Sales Income	154	0.0	82682	0.59	0.0	
ENDTRNS	
TRNS	INVOICE	05/08/2021	Truck: 154jeep	Accounts Receivable	154	0	82683	
SPL	INVOICE	05/08/2021	H2	Sales Income	154	0.0	82683	0.13	0.0	
ENDTRNS	
TRNS	INVOICE	05/08/2021	Truck: 182ford4x4	Accounts Receivable	182	31.46	82684	
SPL	INVOICE	05/08/2021	DC	Sales Income	182	-31.46	82684	0.69	45.59	
ENDTRNS	
TRNS	INVOICE	05/08/2021	Truck: 154redran	Accounts Receivable	154	0	82685	
SPL	INVOICE	05/08/2021	H2	Sales Income	154	0.0	82685	0.07	0.0	
ENDTRNS	
TRNS	INVOICE	05/08/2021	Truck: 154gry4x4	Accounts Receivable	154	0	82686	
SPL	INVOICE	05/08/2021	H2	Sales Income	154	0.0	82686	0.87	0.0	
ENDTRNS	
TRNS	INVOICE	05/08/2021	Truck: 154duel	Accounts Receivable	154	0	82687	
SPL	INVOICE	05/08/2021	H2	Sales Income	154	0.0	82687	0.55	0.0	
ENDTRNS	
TRNS	INVOICE	05/08/2021	Truck: 154btund	Accounts Receivable	154	0	82688	
SPL	INVOICE	05/08/2021	I-2	Sales Income	154	0.0	82688	0.06	0.0	
ENDTRNS	
TRNS	INVOICE	05/08/2021	Truck: 154kran	Accounts Receivable	154	0	82689	
SPL	INVOICE	05/08/2021	H2	Sales Income	154	0.0	82689	0.03	0.0	
ENDTRNS	
TRNS	INVOICE	05/08/2021	Truck: 154suv	Accounts Receivable	154	0	82690	
SPL	INVOICE	05/08/2021	H2	Sales Income	154	0.0	82690	0.24	0.0	
ENDTRNS	
TRNS	INVOICE	05/08/2021	Truck: 182bur150	Accounts Receivable	182	10.94	82691	
SPL	INVOICE	05/08/2021	DC	Sales Income	182	-10.94	82691	0.24	45.58	
ENDTRNS	
TRNS	INVOICE	05/08/2021	Truck: 154bsil	Accounts Receivable	154	0	82692	
SPL	INVOICE	05/08/2021	H2	Sales Income	154	0.0	82692	0.21	0.0	
ENDTRNS	
TRNS	INVOICE	05/08/2021	Truck: 154schev	Accounts Receivable	154	0	82693	
SPL	INVOICE	05/08/2021	I-2	Sales Income	154	0.0	82693	0.07	0.0	
ENDTRNS	
TRNS	INVOICE	05/08/2021	Truck: 182gry150	Accounts Receivable	182	7.75	82694	
SPL	INVOICE	05/08/2021	DC	Sales Income	182	-7.75	82694	0.17	45.59	
ENDTRNS	
TRNS	INVOICE	05/08/2021	Truck: 182wdak	Accounts Receivable	182	8.66	82695	
SPL	INVOICE	05/08/2021	DC	Sales Income	182	-8.66	82695	0.19	45.58	
ENDTRNS	
TRNS	INVOICE	05/08/2021	Truck: 154bhonda	Accounts Receivable	154	0	82696	
SPL	INVOICE	05/08/2021	H2	Sales Income	154	0.0	82696	0.14	0.0	
ENDTRNS	
TRNS	INVOICE	05/08/2021	Truck: 154bram	Accounts Receivable	154	0	82697	
SPL	INVOICE	05/08/2021	H2	Sales Income	154	0.0	82697	0.15	0.0	
ENDTRNS	
TRNS	INVOICE	05/08/2021	Truck: 154f250	Accounts Receivable	154	0	82698	
SPL	INVOICE	05/08/2021	I-2	Sales Income	154	0.0	82698	2.41	0.0	
ENDTRNS	
TRNS	INVOICE	05/08/2021	Truck: 154bduel	Accounts Receivable	154	0	82699	
SPL	INVOICE	05/08/2021	H2	Sales Income	154	0.0	82699	0.27	0.0	
ENDTRNS	
TRNS	INVOICE	05/08/2021	Truck: 154btah	Accounts Receivable	154	0	82700	
SPL	INVOICE	05/08/2021	H2	Sales Income	154	0.0	82700	0.22	0.0	
ENDTRNS	
TRNS	INVOICE	05/08/2021	Truck: 154gf150	Accounts Receivable	154	0	82701	
SPL	INVOICE	05/08/2021	H2	Sales Income	154	0.0	82701	0.19	0.0	
ENDTRNS	
TRNS	INVOICE	05/08/2021	Truck: 154hch	Accounts Receivable	154	0	82702	
SPL	INVOICE	05/08/2021	I-2	Sales Income	154	0.0	82702	0.27	0.0	
ENDTRNS	
TRNS	INVOICE	05/08/2021	Truck: 154gt	Accounts Receivable	154	0	82703	
SPL	INVOICE	05/08/2021	H2	Sales Income	154	0.0	82703	0.11	0.0	
ENDTRNS	
TRNS	INVOICE	05/08/2021	Truck: 154power	Accounts Receivable	154	0	82704	
SPL	INVOICE	05/08/2021	H2	Sales Income	154	0.0	82704	1.66	0.0	
ENDTRNS	
TRNS	INVOICE	05/08/2021	Truck: 154king	Accounts Receivable	154	0	82705	
SPL	INVOICE	05/08/2021	I-2	Sales Income	154	0.0	82705	0.05	0.0	
ENDTRNS	
TRNS	INVOICE	05/08/2021	Truck: 154van	Accounts Receivable	154	0	82706	
SPL	INVOICE	05/08/2021	H2	Sales Income	154	0.0	82706	0.82	0.0	
ENDTRNS	
TRNS	INVOICE	05/08/2021	Truck: 154jer	Accounts Receivable	154	0	82707	
SPL	INVOICE	05/08/2021	H2	Sales Income	154	0.0	82707	0.09	0.0	
ENDTRNS	
TRNS	INVOICE	05/08/2021	Truck: 154fx4	Accounts Receivable	154	0	82708	
SPL	INVOICE	05/08/2021	H2	Sales Income	154	0.0	82708	0.13	0.0	
ENDTRNS	
TRNS	INVOICE	05/08/2021	Truck: 154wnis	Accounts Receivable	154	0	82709	
SPL	INVOICE	05/08/2021	I-2	Sales Income	154	0.0	82709	0.14	0.0	
ENDTRNS	
TRNS	INVOICE	05/08/2021	Truck: 154grtac	Accounts Receivable	154	0	82710	
SPL	INVOICE	05/08/2021	I-2	Sales Income	154	0.0	82710	0.8	0.0	
ENDTRNS	
TRNS	INVOICE	05/08/2021	Truck: 154wran	Accounts Receivable	154	0	82711	
SPL	INVOICE	05/08/2021	I-2	Sales Income	154	0.0	82711	0.03	0.0	
ENDTRNS	
TRNS	INVOICE	05/08/2021	Truck: 154rec	Accounts Receivable	154	0	82712	
SPL	INVOICE	05/08/2021	I-2	Sales Income	154	0.0	82712	0.25	0.0	
ENDTRNS	
TRNS	INVOICE	05/08/2021	Truck: 154ss10	Accounts Receivable	154	0	82713	
SPL	INVOICE	05/08/2021	H2	Sales Income	154	0.0	82713	0.15	0.0	
ENDTRNS	
TRNS	INVOICE	05/08/2021	Truck: 154bl150	Accounts Receivable	154	0	82714	
SPL	INVOICE	05/08/2021	H2	Sales Income	154	0.0	82714	0.04	0.0	
ENDTRNS	
TRNS	INVOICE	05/08/2021	Truck: 154bldod	Accounts Receivable	154	0	82715	
SPL	INVOICE	05/08/2021	H2	Sales Income	154	0.0	82715	0.06	0.0	
ENDTRNS	
TRNS	INVOICE	05/08/2021	Truck: 154rdsil	Accounts Receivable	154	0	82716	
SPL	INVOICE	05/08/2021	H2	Sales Income	154	0.0	82716	0.04	0.0	
ENDTRNS	
TRNS	INVOICE	05/08/2021	Truck: 154uhaul	Accounts Receivable	154	0	82717	
SPL	INVOICE	05/08/2021	H2	Sales Income	154	0.0	82717	0.81	0.0	
ENDTRNS	
TRNS	INVOICE	05/08/2021	Truck: 154ram	Accounts Receivable	154	0	82718	
SPL	INVOICE	05/08/2021	H2	Sales Income	154	0.0	82718	0.05	0.0	
ENDTRNS	
TRNS	INVOICE	05/08/2021	Truck: 154gchev	Accounts Receivable	154	0	82719	
SPL	INVOICE	05/08/2021	H2	Sales Income	154	0.0	82719	0.41	0.0	
ENDTRNS	
TRNS	INVOICE	05/08/2021	Truck: 182duel	Accounts Receivable	182	54.72	82720	
SPL	INVOICE	05/08/2021	DC	Sales Income	182	-54.72	82720	1.2	45.6	
ENDTRNS	
TRNS	INVOICE	05/08/2021	Truck: 154yuk	Accounts Receivable	154	0	82721	
SPL	INVOICE	05/08/2021	H2	Sales Income	154	0.0	82721	0.03	0.0	
ENDTRNS	
TRNS	INVOICE	05/08/2021	Truck: 154gm2500	Accounts Receivable	154	0	82722	
SPL	INVOICE	05/08/2021	H2	Sales Income	154	0.0	82722	0.03	0.0	
ENDTRNS	
TRNS	INVOICE	05/08/2021	Truck: 154blchev	Accounts Receivable	154	0	82723	
SPL	INVOICE	05/08/2021	H2	Sales Income	154	0.0	82723	0.1	0.0	
ENDTRNS	
TRNS	INVOICE	05/08/2021	Truck: 154gchev	Accounts Receivable	154	0	82724	
SPL	INVOICE	05/08/2021	H2	Sales Income	154	0.0	82724	1.1	0.0	
ENDTRNS	
TRNS	INVOICE	05/08/2021	Truck: 154wtun	Accounts Receivable	154	0	82725	
SPL	INVOICE	05/08/2021	H2	Sales Income	154	0.0	82725	0.05	0.0	
ENDTRNS	
TRNS	INVOICE	05/08/2021	Truck: 154wsil	Accounts Receivable	154	0	82726	
SPL	INVOICE	05/08/2021	H2	Sales Income	154	0.0	82726	0.01	0.0	
ENDTRNS	
TRNS	INVOICE	05/08/2021	Truck: 182wram	Accounts Receivable	182	17.78	82727	
SPL	INVOICE	05/08/2021	DC	Sales Income	182	-17.78	82727	0.39	45.59	
ENDTRNS	
TRNS	INVOICE	05/08/2021	Truck: 154exp	Accounts Receivable	154	0	82728	
SPL	INVOICE	05/08/2021	H2	Sales Income	154	0.0	82728	0.13	0.0	
ENDTRNS	
TRNS	INVOICE	05/08/2021	Truck: 154bford	Accounts Receivable	154	0	82729	
SPL	INVOICE	05/08/2021	H2	Sales Income	154	0.0	82729	1.02	0.0	
ENDTRNS	
TRNS	INVOICE	05/10/2021	Truck: 1001JCGCOM	Accounts Receivable	240	200.53	82730	
SPL	INVOICE	05/10/2021	H1	Sales Income	240	-200.53	82730	4.3975	45.6	
ENDTRNS	
TRNS	INVOICE	05/10/2021	Truck: 182jbc	Accounts Receivable	182	19.61	82731	
SPL	INVOICE	05/10/2021	DC	Sales Income	182	-19.61	82731	0.43	45.6	
ENDTRNS	
TRNS	INVOICE	05/10/2021	Truck: 1921-O	Accounts Receivable	162	0	82732	
SPL	INVOICE	05/10/2021	H-2	Sales Income	162	0.0	82732	2.99	0.0	
ENDTRNS	
TRNS	INVOICE	05/10/2021	Truck: 154g250	Accounts Receivable	154	0	82733	
SPL	INVOICE	05/10/2021	H2	Sales Income	154	0.0	82733	0.09	0.0	
ENDTRNS	
TRNS	INVOICE	05/10/2021	Truck: 182davis	Accounts Receivable	182	56.09	82734	
SPL	INVOICE	05/10/2021	DC	Sales Income	182	-56.09	82734	1.23	45.6	
ENDTRNS	
TRNS	INVOICE	05/10/2021	Truck: 182duel	Accounts Receivable	182	14.14	82735	
SPL	INVOICE	05/10/2021	DC	Sales Income	182	-14.14	82735	0.31	45.61	
ENDTRNS	
TRNS	INVOICE	05/10/2021	Truck: 154rz71	Accounts Receivable	154	0	82736	
SPL	INVOICE	05/10/2021	H2	Sales Income	154	0.0	82736	0.14	0.0	
ENDTRNS	
TRNS	INVOICE	05/10/2021	Truck: 154gr150	Accounts Receivable	154	0	82737	
SPL	INVOICE	05/10/2021	H2	Sales Income	154	0.0	82737	0.23	0.0	
ENDTRNS	
TRNS	INVOICE	05/10/2021	Truck: 1921-C	Accounts Receivable	162	0	82738	
SPL	INVOICE	05/10/2021	H-2	Sales Income	162	0.0	82738	9.92	0.0	
ENDTRNS	
TRNS	INVOICE	05/10/2021	Truck: 154gtund	Accounts Receivable	154	0	82739	
SPL	INVOICE	05/10/2021	H2	Sales Income	154	0.0	82739	0.22	0.0	
ENDTRNS	
TRNS	INVOICE	05/10/2021	Truck: 238	Accounts Receivable	238	47.88	82740	
SPL	INVOICE	05/10/2021	DC	Sales Income	238	-47.88	82740	1.05	45.6	
ENDTRNS	
TRNS	INVOICE	05/10/2021	Truck: 154burnis	Accounts Receivable	154	0	82741	
SPL	INVOICE	05/10/2021	H2	Sales Income	154	0.0	82741	0.11	0.0	
ENDTRNS	
TRNS	INVOICE	05/10/2021	Truck: 154outdoor	Accounts Receivable	154	0	82742	
SPL	INVOICE	05/10/2021	H2	Sales Income	154	0.0	82742	0.62	0.0	
ENDTRNS	
TRNS	INVOICE	05/10/2021	Truck: 405-1301	Accounts Receivable	150	0	82743	
SPL	INVOICE	05/10/2021	H-2	Sales Income	150	0.0	82743	2.81	0.0	
ENDTRNS	
TRNS	INVOICE	05/10/2021	Truck: 182dump	Accounts Receivable	182	140.9	82744	
SPL	INVOICE	05/10/2021	DC	Sales Income	182	-140.9	82744	3.09	45.6	
ENDTRNS	
TRNS	INVOICE	05/10/2021	Truck: 1904	Accounts Receivable	162	0	82745	
SPL	INVOICE	05/10/2021	H-2	Sales Income	162	0.0	82745	5	0.0	
ENDTRNS	
TRNS	INVOICE	05/10/2021	Truck: 154suv	Accounts Receivable	154	0	82746	
SPL	INVOICE	05/10/2021	H2	Sales Income	154	0.0	82746	0.07	0.0	
ENDTRNS	
TRNS	INVOICE	05/10/2021	Truck: 1921-O	Accounts Receivable	162	0	82747	
SPL	INVOICE	05/10/2021	H-2	Sales Income	162	0.0	82747	1.59	0.0	
ENDTRNS	
TRNS	INVOICE	05/10/2021	Truck: 154wf250	Accounts Receivable	154	0	82748	
SPL	INVOICE	05/10/2021	H2	Sales Income	154	0.0	82748	0.2	0.0	
ENDTRNS	
TRNS	INVOICE	05/10/2021	Truck: 182dump	Accounts Receivable	182	94.85	82749	
SPL	INVOICE	05/10/2021	DC	Sales Income	182	-94.85	82749	2.08	45.6	
ENDTRNS	
TRNS	INVOICE	05/10/2021	Truck: 154wood	Accounts Receivable	154	0	82750	
SPL	INVOICE	05/10/2021	I-2	Sales Income	154	0.0	82750	0.84	0.0	
ENDTRNS	
TRNS	INVOICE	05/10/2021	Truck: 154bduel	Accounts Receivable	154	0	82751	
SPL	INVOICE	05/10/2021	I-2	Sales Income	154	0.0	82751	0.14	0.0	
ENDTRNS	
TRNS	INVOICE	05/10/2021	Truck: 154whram	Accounts Receivable	154	0	82752	
SPL	INVOICE	05/10/2021	H2	Sales Income	154	0.0	82752	0.11	0.0	
ENDTRNS	
TRNS	INVOICE	05/10/2021	Truck: 154bla150	Accounts Receivable	154	0	82753	
SPL	INVOICE	05/10/2021	H2	Sales Income	154	0.0	82753	0.08	0.0	
ENDTRNS	
TRNS	INVOICE	05/10/2021	Truck: 154old150	Accounts Receivable	154	0	82754	
SPL	INVOICE	05/10/2021	H2	Sales Income	154	0.0	82754	0.26	0.0	
ENDTRNS	
TRNS	INVOICE	05/10/2021	Truck: 1921-O	Accounts Receivable	162	0	82755	
SPL	INVOICE	05/10/2021	H-2	Sales Income	162	0.0	82755	2.68	0.0	
ENDTRNS	
TRNS	INVOICE	05/10/2021	Truck: 182dump	Accounts Receivable	182	40.58	82756	
SPL	INVOICE	05/10/2021	DC	Sales Income	182	-40.58	82756	0.89	45.6	
ENDTRNS	
TRNS	INVOICE	05/10/2021	Truck: 154hco	Accounts Receivable	154	0	82757	
SPL	INVOICE	05/10/2021	H2	Sales Income	154	0.0	82757	0.05	0.0	
ENDTRNS	
TRNS	INVOICE	05/10/2021	Truck: 154har	Accounts Receivable	154	0	82758	
SPL	INVOICE	05/10/2021	H2	Sales Income	154	0.0	82758	0.1	0.0	
ENDTRNS	
TRNS	INVOICE	05/10/2021	Truck: 154blchev	Accounts Receivable	154	0	82759	
SPL	INVOICE	05/10/2021	H2	Sales Income	154	0.0	82759	0.04	0.0	
ENDTRNS	
TRNS	INVOICE	05/10/2021	Truck: 154b1500	Accounts Receivable	154	0	82760	
SPL	INVOICE	05/10/2021	H2	Sales Income	154	0.0	82760	0.04	0.0	
ENDTRNS	
TRNS	INVOICE	05/10/2021	Truck: 154silfx4	Accounts Receivable	154	0	82761	
SPL	INVOICE	05/10/2021	H2	Sales Income	154	0.0	82761	0.09	0.0	
ENDTRNS	
TRNS	INVOICE	05/10/2021	Truck: 154divs	Accounts Receivable	154	0	82762	
SPL	INVOICE	05/10/2021	H2	Sales Income	154	0.0	82762	0.11	0.0	
ENDTRNS	
TRNS	INVOICE	05/10/2021	Truck: 154rdtoy	Accounts Receivable	154	0	82763	
SPL	INVOICE	05/10/2021	I-2	Sales Income	154	0.0	82763	0.12	0.0	
ENDTRNS	
TRNS	INVOICE	05/10/2021	Truck: 154gry150	Accounts Receivable	154	0	82764	
SPL	INVOICE	05/10/2021	I-2	Sales Income	154	0.0	82764	0.14	0.0	
ENDTRNS	
TRNS	INVOICE	05/10/2021	Truck: 182rdram	Accounts Receivable	182	9.58	82765	
SPL	INVOICE	05/10/2021	DC	Sales Income	182	-9.58	82765	0.21	45.62	
ENDTRNS	
TRNS	INVOICE	05/10/2021	Truck: 154bsil	Accounts Receivable	154	0	82766	
SPL	INVOICE	05/10/2021	H2	Sales Income	154	0.0	82766	0.36	0.0	
ENDTRNS	
TRNS	INVOICE	05/10/2021	Truck: 154rdduel	Accounts Receivable	154	0	82767	
SPL	INVOICE	05/10/2021	H2	Sales Income	154	0.0	82767	0.06	0.0	
ENDTRNS	
TRNS	INVOICE	05/10/2021	Truck: 182dump	Accounts Receivable	182	76.61	82768	
SPL	INVOICE	05/10/2021	DC	Sales Income	182	-76.61	82768	1.68	45.6	
ENDTRNS	
TRNS	INVOICE	05/10/2021	Truck: 154silchev	Accounts Receivable	154	0	82769	
SPL	INVOICE	05/10/2021	H2	Sales Income	154	0.0	82769	0.03	0.0	
ENDTRNS	
TRNS	INVOICE	05/10/2021	Truck: 154sierra	Accounts Receivable	154	0	82770	
SPL	INVOICE	05/10/2021	H2	Sales Income	154	0.0	82770	0.22	0.0	
ENDTRNS	
TRNS	INVOICE	05/10/2021	Truck: Renee 2	Accounts Receivable	194	15.05	82771	
SPL	INVOICE	05/10/2021	H1	Sales Income	194	-15.05	82771	0.33	45.61	
ENDTRNS	
TRNS	INVOICE	05/10/2021	Truck: 1921-O	Accounts Receivable	162	0	82772	
SPL	INVOICE	05/10/2021	H-2	Sales Income	162	0.0	82772	2.14	0.0	
ENDTRNS	
TRNS	INVOICE	05/10/2021	Truck: 182md	Accounts Receivable	182	26.9	82773	
SPL	INVOICE	05/10/2021	DC	Sales Income	182	-26.9	82773	0.59	45.59	
ENDTRNS	
TRNS	INVOICE	05/10/2021	Truck: 154gtac	Accounts Receivable	154	0	82774	
SPL	INVOICE	05/10/2021	H2	Sales Income	154	0.0	82774	0.01	0.0	
ENDTRNS	
TRNS	INVOICE	05/10/2021	Truck: 154wtac	Accounts Receivable	154	0	82775	
SPL	INVOICE	05/10/2021	H2	Sales Income	154	0.0	82775	0.15	0.0	
ENDTRNS	
TRNS	INVOICE	05/10/2021	Truck: 154gryram	Accounts Receivable	154	0	82776	
SPL	INVOICE	05/10/2021	I-2	Sales Income	154	0.0	82776	1.3	0.0	
ENDTRNS	
TRNS	INVOICE	05/10/2021	Truck: 1923	Accounts Receivable	162	0	82777	
SPL	INVOICE	05/10/2021	H-2	Sales Income	162	0.0	82777	10.36	0.0	
ENDTRNS	
TRNS	INVOICE	05/10/2021	Truck: 182burchev	Accounts Receivable	182	8.66	82778	
SPL	INVOICE	05/10/2021	DC	Sales Income	182	-8.66	82778	0.19	45.58	
ENDTRNS	
TRNS	INVOICE	05/10/2021	Truck: 154bcolo	Accounts Receivable	154	0	82779	
SPL	INVOICE	05/10/2021	H2	Sales Income	154	0.0	82779	0.04	0.0	
ENDTRNS	
TRNS	INVOICE	05/10/2021	Truck: 1907	Accounts Receivable	162	0	82780	
SPL	INVOICE	05/10/2021	H-2	Sales Income	162	0.0	82780	9.42	0.0	
ENDTRNS	
TRNS	INVOICE	05/10/2021	Truck: 1904	Accounts Receivable	162	0	82781	
SPL	INVOICE	05/10/2021	H-2	Sales Income	162	0.0	82781	5.49	0.0	
ENDTRNS	
TRNS	INVOICE	05/10/2021	Truck: 154redtac	Accounts Receivable	154	0	82782	
SPL	INVOICE	05/10/2021	I-2	Sales Income	154	0.0	82782	0.11	0.0	
ENDTRNS	
TRNS	INVOICE	05/10/2021	Truck: 154blvan	Accounts Receivable	154	0	82783	
SPL	INVOICE	05/10/2021	H2	Sales Income	154	0.0	82783	0.26	0.0	
ENDTRNS	
TRNS	INVOICE	05/10/2021	Truck: 154siram	Accounts Receivable	154	0	82784	
SPL	INVOICE	05/10/2021	H2	Sales Income	154	0.0	82784	0.06	0.0	
ENDTRNS	
TRNS	INVOICE	05/10/2021	Truck: 154outdoor	Accounts Receivable	154	0	82785	
SPL	INVOICE	05/10/2021	H2	Sales Income	154	0.0	82785	0.5	0.0	
ENDTRNS	
TRNS	INVOICE	05/10/2021	Truck: 1544x4che	Accounts Receivable	154	0	82786	
SPL	INVOICE	05/10/2021	H2	Sales Income	154	0.0	82786	0.09	0.0	
ENDTRNS	
TRNS	INVOICE	05/10/2021	Truck: 1906	Accounts Receivable	162	0	82787	
SPL	INVOICE	05/10/2021	H-2	Sales Income	162	0.0	82787	9.2	0.0	
ENDTRNS	
TRNS	INVOICE	05/10/2021	Truck: ABC	Accounts Receivable	243	0	82788	
SPL	INVOICE	05/10/2021	H-4	Sales Income	243	0.0	82788	6.76	0.0	
ENDTRNS	
TRNS	INVOICE	05/10/2021	Truck: 1903	Accounts Receivable	162	0	82789	
SPL	INVOICE	05/10/2021	H-2	Sales Income	162	0.0	82789	6.99	0.0	
ENDTRNS	
TRNS	INVOICE	05/10/2021	Truck: 1921-I	Accounts Receivable	162	0	82790	
SPL	INVOICE	05/10/2021	H2	Sales Income	162	0.0	82790	0.66	0.0	
ENDTRNS	
TRNS	INVOICE	05/10/2021	Truck: 154edge	Accounts Receivable	154	0	82791	
SPL	INVOICE	05/10/2021	H2	Sales Income	154	0.0	82791	0.08	0.0	
ENDTRNS	
TRNS	INVOICE	05/10/2021	Truck: 154bchev	Accounts Receivable	154	0	82792	
SPL	INVOICE	05/10/2021	H2	Sales Income	154	0.0	82792	0.03	0.0	
ENDTRNS	
TRNS	INVOICE	05/10/2021	Truck: 154grnran	Accounts Receivable	154	0	82793	
SPL	INVOICE	05/10/2021	H2	Sales Income	154	0.0	82793	0.16	0.0	
ENDTRNS	
TRNS	INVOICE	05/10/2021	Truck: 182ford	Accounts Receivable	154	0	82794	
SPL	INVOICE	05/10/2021	H2	Sales Income	154	0.0	82794	0.06	0.0	
ENDTRNS	
TRNS	INVOICE	05/10/2021	Truck: 154bsier	Accounts Receivable	154	0	82795	
SPL	INVOICE	05/10/2021	H2	Sales Income	154	0.0	82795	0.12	0.0	
ENDTRNS	
TRNS	INVOICE	05/10/2021	Truck: 154gry150	Accounts Receivable	154	0	82796	
SPL	INVOICE	05/10/2021	H2	Sales Income	154	0.0	82796	0.06	0.0	
ENDTRNS	
TRNS	INVOICE	05/10/2021	Truck: 154burchev	Accounts Receivable	154	0	82797	
SPL	INVOICE	05/10/2021	H2	Sales Income	154	0.0	82797	0.23	0.0	
ENDTRNS	
TRNS	INVOICE	05/10/2021	Truck: 154whford	Accounts Receivable	154	0	82798	
SPL	INVOICE	05/10/2021	H2	Sales Income	154	0.0	82798	0.11	0.0	
ENDTRNS	
TRNS	INVOICE	05/10/2021	Truck: 154whsuv	Accounts Receivable	154	0	82799	
SPL	INVOICE	05/10/2021	H2	Sales Income	154	0.0	82799	0.19	0.0	
ENDTRNS	
TRNS	INVOICE	05/10/2021	Truck: 154btac	Accounts Receivable	154	0	82800	
SPL	INVOICE	05/10/2021	H2	Sales Income	154	0.0	82800	0.09	0.0	
ENDTRNS	
TRNS	INVOICE	05/10/2021	Truck: 154trlbla	Accounts Receivable	154	0	82801	
SPL	INVOICE	05/10/2021	H2	Sales Income	154	0.0	82801	0.32	0.0	
ENDTRNS	
TRNS	INVOICE	05/10/2021	Truck: 1895	Accounts Receivable	173	0	82802	
SPL	INVOICE	05/10/2021	H-3	Sales Income	173	0.0	82802	24.33	0.0	
ENDTRNS	
TRNS	INVOICE	05/10/2021	Truck: 154whsier	Accounts Receivable	154	0	82803	
SPL	INVOICE	05/10/2021	H2	Sales Income	154	0.0	82803	0.39	0.0	
ENDTRNS	
TRNS	INVOICE	05/10/2021	Truck: 154bl4x4	Accounts Receivable	154	0	82804	
SPL	INVOICE	05/10/2021	H2	Sales Income	154	0.0	82804	0.5	0.0	
ENDTRNS	
TRNS	INVOICE	05/10/2021	Truck: 154nis	Accounts Receivable	154	0	82805	
SPL	INVOICE	05/10/2021	I-2	Sales Income	154	0.0	82805	0.06	0.0	
ENDTRNS	
TRNS	INVOICE	05/10/2021	Truck: 154dak	Accounts Receivable	154	0	82806	
SPL	INVOICE	05/10/2021	H2	Sales Income	154	0.0	82806	0.11	0.0	
ENDTRNS	
TRNS	INVOICE	05/10/2021	Truck: 154kia	Accounts Receivable	154	0	82807	
SPL	INVOICE	05/10/2021	H2	Sales Income	154	0.0	82807	0.2	0.0	
ENDTRNS	
TRNS	INVOICE	05/10/2021	Truck: Rd150	Accounts Receivable	154	0	82808	
SPL	INVOICE	05/10/2021	H2	Sales Income	154	0.0	82808	0.1	0.0	
ENDTRNS	
TRNS	INVOICE	05/11/2021	Truck: 1001calcom	Accounts Receivable	240	90.29	82809	
SPL	INVOICE	05/11/2021	H1	Sales Income	240	-90.29	82809	1.98	45.6	
ENDTRNS	
TRNS	INVOICE	05/11/2021	Truck: 154	Accounts Receivable	154	0	82810	
SPL	INVOICE	05/11/2021	I-2	Sales Income	154	0.0	82810	0.1	0.0	
ENDTRNS	
TRNS	INVOICE	05/11/2021	Truck: 1895	Accounts Receivable	173	0	82811	
SPL	INVOICE	05/11/2021	H-3	Sales Income	173	0.0	82811	25.2	0.0	
ENDTRNS	
TRNS	INVOICE	05/11/2021	Truck: 182	Accounts Receivable	182	5.02	82812	
SPL	INVOICE	05/11/2021	DC	Sales Income	182	-5.02	82812	0.11	45.64	
ENDTRNS	
TRNS	INVOICE	05/11/2021	Truck: 154	Accounts Receivable	154	0	82813	
SPL	INVOICE	05/11/2021	I-2	Sales Income	154	0.0	82813	0.36	0.0	
ENDTRNS	
TRNS	INVOICE	05/11/2021	Truck: 182	Accounts Receivable	182	18.24	82814	
SPL	INVOICE	05/11/2021	DC	Sales Income	182	-18.24	82814	0.4	45.6	
ENDTRNS	
TRNS	INVOICE	05/11/2021	Truck: 1001calcom	Accounts Receivable	240	28.27	82815	
SPL	INVOICE	05/11/2021	H1	Sales Income	240	-28.27	82815	0.62	45.6	
ENDTRNS	
TRNS	INVOICE	05/11/2021	Truck: 154	Accounts Receivable	154	0	82816	
SPL	INVOICE	05/11/2021	I-2	Sales Income	154	0.0	82816	0.03	0.0	
ENDTRNS	
TRNS	INVOICE	05/11/2021	Truck: 154	Accounts Receivable	154	0	82817	
SPL	INVOICE	05/11/2021	I-2	Sales Income	154	0.0	82817	0.99	0.0	
ENDTRNS	
TRNS	INVOICE	05/11/2021	Truck: 1542	Accounts Receivable	154	0	82818	
SPL	INVOICE	05/11/2021	H2	Sales Income	154	0.0	82818	0.42	0.0	
ENDTRNS	
TRNS	INVOICE	05/11/2021	Truck: 154red	Accounts Receivable	154	0	82819	
SPL	INVOICE	05/11/2021	H2	Sales Income	154	0.0	82819	0.08	0.0	
ENDTRNS	
TRNS	INVOICE	05/11/2021	Truck: 1822	Accounts Receivable	182	5.02	82820	
SPL	INVOICE	05/11/2021	DC	Sales Income	182	-5.02	82820	0.11	45.64	
ENDTRNS	
TRNS	INVOICE	05/11/2021	Truck: 182	Accounts Receivable	182	14.59	82821	
SPL	INVOICE	05/11/2021	DC	Sales Income	182	-14.59	82821	0.32	45.59	
ENDTRNS	
TRNS	INVOICE	05/11/2021	Truck: Renee 2	Accounts Receivable	194	10.49	82822	
SPL	INVOICE	05/11/2021	H1	Sales Income	194	-10.49	82822	0.23	45.61	
ENDTRNS	
TRNS	INVOICE	05/11/2021	Truck: 154	Accounts Receivable	154	0	82823	
SPL	INVOICE	05/11/2021	I-2	Sales Income	154	0.0	82823	0.8	0.0	
ENDTRNS	
TRNS	INVOICE	05/11/2021	Truck: 1904	Accounts Receivable	162	0	82824	
SPL	INVOICE	05/11/2021	H-2	Sales Income	162	0.0	82824	8.23	0.0	
ENDTRNS	
TRNS	INVOICE	05/11/2021	Truck: 182	Accounts Receivable	182	23.71	82825	
SPL	INVOICE	05/11/2021	DC	Sales Income	182	-23.71	82825	0.52	45.6	
ENDTRNS	
TRNS	INVOICE	05/11/2021	Truck: 1548	Accounts Receivable	154	0	82826	
SPL	INVOICE	05/11/2021	I-2	Sales Income	154	0.0	82826	0.12	0.0	
ENDTRNS	
TRNS	INVOICE	05/11/2021	Truck: 154	Accounts Receivable	154	0	82827	
SPL	INVOICE	05/11/2021	H-2	Sales Income	154	0.0	82827	0.13	0.0	
ENDTRNS	
TRNS	INVOICE	05/11/2021	Truck: 182asl	Accounts Receivable	182	94.39	82828	
SPL	INVOICE	05/11/2021	DC	Sales Income	182	-94.39	82828	2.07	45.6	
ENDTRNS	
TRNS	INVOICE	05/11/2021	Truck: 1895	Accounts Receivable	173	0	82829	
SPL	INVOICE	05/11/2021	H-3	Sales Income	173	0.0	82829	24.38	0.0	
ENDTRNS	
TRNS	INVOICE	05/11/2021	Truck: 1547	Accounts Receivable	154	0	82830	
SPL	INVOICE	05/11/2021	H2	Sales Income	154	0.0	82830	0.21	0.0	
ENDTRNS	
TRNS	INVOICE	05/12/2021	Truck: 154	Accounts Receivable	154	0	82831	
SPL	INVOICE	05/12/2021	I-2	Sales Income	154	0.0	82831	0.27	0.0	
ENDTRNS	
TRNS	INVOICE	05/11/2021	Truck: 1907	Accounts Receivable	162	0	82832	
SPL	INVOICE	05/11/2021	H-2	Sales Income	162	0.0	82832	9.55	0.0	
ENDTRNS	
TRNS	INVOICE	05/11/2021	Truck: 1549	Accounts Receivable	154	0	82833	
SPL	INVOICE	05/11/2021	H2	Sales Income	154	0.0	82833	0.28	0.0	
ENDTRNS	
TRNS	INVOICE	05/11/2021	Truck: Renee 2	Accounts Receivable	194	11.4	82834	
SPL	INVOICE	05/11/2021	H1	Sales Income	194	-11.4	82834	0.25	45.6	
ENDTRNS	
TRNS	INVOICE	05/11/2021	Truck: Co H 3	Accounts Receivable	154	0	82835	
SPL	INVOICE	05/11/2021	H-2	Sales Income	154	0.0	82835	0.05	0.0	
ENDTRNS	
TRNS	INVOICE	05/11/2021	Truck: 182	Accounts Receivable	182	12.31	82836	
SPL	INVOICE	05/11/2021	DC	Sales Income	182	-12.31	82836	0.27	45.59	
ENDTRNS	
TRNS	INVOICE	05/11/2021	Truck: 1905	Accounts Receivable	162	0	82837	
SPL	INVOICE	05/11/2021	H-2	Sales Income	162	0.0	82837	8.8	0.0	
ENDTRNS	
TRNS	INVOICE	05/11/2021	Truck: 1903	Accounts Receivable	162	0	82838	
SPL	INVOICE	05/11/2021	H-2	Sales Income	162	0.0	82838	9.33	0.0	
ENDTRNS	
TRNS	INVOICE	05/11/2021	Truck: gree182	Accounts Receivable	182	59.28	82839	
SPL	INVOICE	05/11/2021	DC	Sales Income	182	-59.28	82839	1.3	45.6	
ENDTRNS	
TRNS	INVOICE	05/11/2021	Truck: 154red	Accounts Receivable	154	0	82840	
SPL	INVOICE	05/11/2021	H2	Sales Income	154	0.0	82840	0.06	0.0	
ENDTRNS	
TRNS	INVOICE	05/11/2021	Truck: 1826	Accounts Receivable	182	10.03	82841	
SPL	INVOICE	05/11/2021	DC	Sales Income	182	-10.03	82841	0.22	45.59	
ENDTRNS	
TRNS	INVOICE	05/11/2021	Truck: 154www	Accounts Receivable	154	0	82842	
SPL	INVOICE	05/11/2021	I-2	Sales Income	154	0.0	82842	5.43	0.0	
ENDTRNS	
TRNS	INVOICE	05/11/2021	Truck: 1904	Accounts Receivable	162	0	82843	
SPL	INVOICE	05/11/2021	H-2	Sales Income	162	0.0	82843	3	0.0	
ENDTRNS	
TRNS	INVOICE	05/12/2021	Truck: 182	Accounts Receivable	182	0	82844	
SPL	INVOICE	05/12/2021	H2	Sales Income	182	0.0	82844	0.09	0.0	
ENDTRNS	
TRNS	INVOICE	05/11/2021	Truck: 182me	Accounts Receivable	182	17.78	82845	
SPL	INVOICE	05/11/2021	DC	Sales Income	182	-17.78	82845	0.39	45.59	
ENDTRNS	
TRNS	INVOICE	05/11/2021	Truck: 182cash	Accounts Receivable	182	7.75	82846	
SPL	INVOICE	05/11/2021	DC	Sales Income	182	-7.75	82846	0.17	45.59	
ENDTRNS	
TRNS	INVOICE	05/11/2021	Truck: 182tundra	Accounts Receivable	194	117.19	82847	
SPL	INVOICE	05/11/2021	DC	Sales Income	194	-117.19	82847	2.57	45.6	
ENDTRNS	
TRNS	INVOICE	05/11/2021	Truck: 1906	Accounts Receivable	162	0	82848	
SPL	INVOICE	05/11/2021	H-2	Sales Income	162	0.0	82848	9.49	0.0	
ENDTRNS	
TRNS	INVOICE	05/11/2021	Truck: 154dog	Accounts Receivable	154	0	82849	
SPL	INVOICE	05/11/2021	H2	Sales Income	154	0.0	82849	0.17	0.0	
ENDTRNS	
TRNS	INVOICE	05/11/2021	Truck: 1923	Accounts Receivable	162	0	82850	
SPL	INVOICE	05/11/2021	H-2	Sales Income	162	0.0	82850	10.51	0.0	
ENDTRNS	
TRNS	INVOICE	05/12/2021	Truck: 182moye	Accounts Receivable	182	0	82851	
SPL	INVOICE	05/12/2021	H2	Sales Income	182	0.0	82851	0.41	0.0	
ENDTRNS	
TRNS	INVOICE	05/11/2021	Truck: 1895	Accounts Receivable	173	0	82852	
SPL	INVOICE	05/11/2021	H-3	Sales Income	173	0.0	82852	29.55	0.0	
ENDTRNS	
TRNS	INVOICE	05/12/2021	Truck: 1001calcom	Accounts Receivable	240	125.86	82853	
SPL	INVOICE	05/12/2021	H1	Sales Income	240	-125.86	82853	2.76	45.6	
ENDTRNS	
TRNS	INVOICE	05/12/2021	Truck: 1934	Accounts Receivable	173	0	82854	
SPL	INVOICE	05/12/2021	H-3	Sales Income	173	0.0	82854	33.15	0.0	
ENDTRNS	
TRNS	INVOICE	05/12/2021	Truck: 1542	Accounts Receivable	154	0	82855	
SPL	INVOICE	05/12/2021	H2	Sales Income	154	0.0	82855	0.31	0.0	
ENDTRNS	
TRNS	INVOICE	05/12/2021	Truck: 1001calcom	Accounts Receivable	240	88.46	82856	
SPL	INVOICE	05/12/2021	H1	Sales Income	240	-88.46	82856	1.94	45.6	
ENDTRNS	
TRNS	INVOICE	05/12/2021	Truck: 154navy	Accounts Receivable	154	0	82857	
SPL	INVOICE	05/12/2021	H2	Sales Income	154	0.0	82857	0.05	0.0	
ENDTRNS	
TRNS	INVOICE	05/12/2021	Truck: 1822	Accounts Receivable	239	159.14	82858	
SPL	INVOICE	05/12/2021	DC	Sales Income	239	-159.14	82858	3.49	45.6	
ENDTRNS	
TRNS	INVOICE	05/12/2021	Truck: 182krog	Accounts Receivable	182	23.26	82859	
SPL	INVOICE	05/12/2021	DC	Sales Income	182	-23.26	82859	0.51	45.61	
ENDTRNS	
TRNS	INVOICE	05/12/2021	Truck: 154	Accounts Receivable	154	0	82860	
SPL	INVOICE	05/12/2021	H-2	Sales Income	154	0.0	82860	0.05	0.0	
ENDTRNS	
TRNS	INVOICE	05/12/2021	Truck: 182	Accounts Receivable	239	17.33	82861	
SPL	INVOICE	05/12/2021	DC	Sales Income	239	-17.33	82861	0.38	45.61	
ENDTRNS	
TRNS	INVOICE	05/12/2021	Truck: 24154	Accounts Receivable	154	0	82862	
SPL	INVOICE	05/12/2021	H2	Sales Income	154	0.0	82862	0.9	0.0	
ENDTRNS	
TRNS	INVOICE	05/12/2021	Truck: 182	Accounts Receivable	128	3.65	82863	
SPL	INVOICE	05/12/2021	AP 1	Sales Income	128	-3.65	82863	0.08	45.62	
ENDTRNS	
TRNS	INVOICE	05/12/2021	Truck: 182	Accounts Receivable	182	11.86	82864	
SPL	INVOICE	05/12/2021	DC	Sales Income	182	-11.86	82864	0.26	45.62	
ENDTRNS	
TRNS	INVOICE	05/12/2021	Truck: 1895	Accounts Receivable	173	0	82865	
SPL	INVOICE	05/12/2021	H-3	Sales Income	173	0.0	82865	28.36	0.0	
ENDTRNS	
TRNS	INVOICE	05/12/2021	Truck: 1547	Accounts Receivable	154	0	82866	
SPL	INVOICE	05/12/2021	H2	Sales Income	154	0.0	82866	0.05	0.0	
ENDTRNS	
TRNS	INVOICE	05/12/2021	Truck: 1907	Accounts Receivable	162	0	82867	
SPL	INVOICE	05/12/2021	H-2	Sales Income	162	0.0	82867	4.75	0.0	
ENDTRNS	
TRNS	INVOICE	05/12/2021	Truck: 154	Accounts Receivable	154	0	82868	
SPL	INVOICE	05/12/2021	H-2	Sales Income	154	0.0	82868	0.06	0.0	
ENDTRNS	
TRNS	INVOICE	05/12/2021	Truck: 1904	Accounts Receivable	162	0	82869	
SPL	INVOICE	05/12/2021	H-2	Sales Income	162	0.0	82869	9.69	0.0	
ENDTRNS	
TRNS	INVOICE	05/12/2021	Truck: 154	Accounts Receivable	154	0	82870	
SPL	INVOICE	05/12/2021	H-2	Sales Income	154	0.0	82870	0.04	0.0	
ENDTRNS	
TRNS	INVOICE	05/12/2021	Truck: 1905	Accounts Receivable	162	0	82871	
SPL	INVOICE	05/12/2021	H-2	Sales Income	162	0.0	82871	7.41	0.0	
ENDTRNS	
TRNS	INVOICE	05/12/2021	Truck: 1001calcom	Accounts Receivable	240	0	82872	
SPL	INVOICE	05/12/2021	H-1	Sales Income	240	0.0	82872	5.89	0.0	
ENDTRNS	
TRNS	INVOICE	05/12/2021	Truck: 1895	Accounts Receivable	173	0	82873	
SPL	INVOICE	05/12/2021	H-3	Sales Income	173	0.0	82873	30.85	0.0	
ENDTRNS	
TRNS	INVOICE	05/12/2021	Truck: 1906	Accounts Receivable	162	0	82874	
SPL	INVOICE	05/12/2021	H-2	Sales Income	162	0.0	82874	10.57	0.0	
ENDTRNS	
TRNS	INVOICE	05/12/2021	Truck: 1904	Accounts Receivable	162	0	82875	
SPL	INVOICE	05/12/2021	H-2	Sales Income	162	0.0	82875	2.71	0.0	
ENDTRNS	
TRNS	INVOICE	05/12/2021	Truck: 1903	Accounts Receivable	162	0	82876	
SPL	INVOICE	05/12/2021	H-2	Sales Income	162	0.0	82876	8.68	0.0	
ENDTRNS	
TRNS	INVOICE	05/12/2021	Truck: 182	Accounts Receivable	182	12.77	82877	
SPL	INVOICE	05/12/2021	DC	Sales Income	182	-12.77	82877	0.28	45.61	
ENDTRNS	
TRNS	INVOICE	05/12/2021	Truck: 182	Accounts Receivable	182	38.76	82878	
SPL	INVOICE	05/12/2021	DC	Sales Income	182	-38.76	82878	0.85	45.6	
ENDTRNS	
TRNS	INVOICE	05/12/2021	Truck: 238	Accounts Receivable	238	65.21	82879	
SPL	INVOICE	05/12/2021	DC	Sales Income	238	-65.21	82879	1.43	45.6	
ENDTRNS	
TRNS	INVOICE	05/13/2021	Truck: Carslie	Accounts Receivable	120	15.5	82880	
SPL	INVOICE	05/13/2021	DC	Sales Income	120	-15.5	82880	0.34	45.59	
ENDTRNS	
TRNS	INVOICE	05/13/2021	Truck: 1921-C	Accounts Receivable	162	0	82881	
SPL	INVOICE	05/13/2021	H-2	Sales Income	162	0.0	82881	7.71	0.0	
ENDTRNS	
TRNS	INVOICE	05/13/2021	Truck: 1895	Accounts Receivable	173	0	82882	
SPL	INVOICE	05/13/2021	H-3	Sales Income	173	0.0	82882	36.54	0.0	
ENDTRNS	
TRNS	INVOICE	05/13/2021	Truck: 1001calcom	Accounts Receivable	240	163.7	82883	
SPL	INVOICE	05/13/2021	H1	Sales Income	240	-163.7	82883	3.59	45.6	
ENDTRNS	
TRNS	INVOICE	05/13/2021	Truck: 154	Accounts Receivable	154	0	82884	
SPL	INVOICE	05/13/2021	H-2	Sales Income	154	0.0	82884	0.1	0.0	
ENDTRNS	
TRNS	INVOICE	05/13/2021	Truck: 154	Accounts Receivable	154	0	82885	
SPL	INVOICE	05/13/2021	H-2	Sales Income	154	0.0	82885	0.15	0.0	
ENDTRNS	
TRNS	INVOICE	05/13/2021	Truck: davis	Accounts Receivable	182	19.61	82886	
SPL	INVOICE	05/13/2021	DC	Sales Income	182	-19.61	82886	0.43	45.6	
ENDTRNS	
TRNS	INVOICE	05/13/2021	Truck: 1921-C	Accounts Receivable	162	0	82887	
SPL	INVOICE	05/13/2021	H-2	Sales Income	162	0.0	82887	8.93	0.0	
ENDTRNS	
TRNS	INVOICE	05/13/2021	Truck: 154	Accounts Receivable	154	0	82888	
SPL	INVOICE	05/13/2021	H-2	Sales Income	154	0.0	82888	0.65	0.0	
ENDTRNS	
TRNS	INVOICE	05/13/2021	Truck: 182	Accounts Receivable	182	33.74	82889	
SPL	INVOICE	05/13/2021	DC	Sales Income	182	-33.74	82889	0.74	45.59	
ENDTRNS	
TRNS	INVOICE	05/13/2021	Truck: 238	Accounts Receivable	238	26.45	82890	
SPL	INVOICE	05/13/2021	DC	Sales Income	238	-26.45	82890	0.58	45.6	
ENDTRNS	
TRNS	INVOICE	05/13/2021	Truck: 182	Accounts Receivable	182	38.3	82891	
SPL	INVOICE	05/13/2021	DC	Sales Income	182	-38.3	82891	0.84	45.6	
ENDTRNS	
TRNS	INVOICE	05/13/2021	Truck: 1822	Accounts Receivable	182	8.21	82892	
SPL	INVOICE	05/13/2021	DC	Sales Income	182	-8.21	82892	0.18	45.61	
ENDTRNS	
TRNS	INVOICE	05/13/2021	Truck: 1921-I	Accounts Receivable	162	0	82893	
SPL	INVOICE	05/13/2021	I-2	Sales Income	162	0.0	82893	1.36	0.0	
ENDTRNS	
TRNS	INVOICE	05/13/2021	Truck: 154	Accounts Receivable	154	0	82894	
SPL	INVOICE	05/13/2021	H-2	Sales Income	154	0.0	82894	0.01	0.0	
ENDTRNS	
TRNS	INVOICE	05/13/2021	Truck: 1542	Accounts Receivable	154	0	82895	
SPL	INVOICE	05/13/2021	H2	Sales Income	154	0.0	82895	0.57	0.0	
ENDTRNS	
TRNS	INVOICE	05/13/2021	Truck: tim	Accounts Receivable	222	6.38	82896	
SPL	INVOICE	05/13/2021	AP 1	Sales Income	222	-6.38	82896	0.14	45.57	
ENDTRNS	
TRNS	INVOICE	05/13/2021	Truck: 1 2 3	Accounts Receivable	154	0	82897	
SPL	INVOICE	05/13/2021	H-2	Sales Income	154	0.0	82897	4.24	0.0	
ENDTRNS	
TRNS	INVOICE	05/13/2021	Truck: 154	Accounts Receivable	154	0	82898	
SPL	INVOICE	05/13/2021	H-2	Sales Income	154	0.0	82898	0.35	0.0	
ENDTRNS	
TRNS	INVOICE	05/13/2021	Truck: 1542	Accounts Receivable	154	0	82899	
SPL	INVOICE	05/13/2021	H2	Sales Income	154	0.0	82899	1.18	0.0	
ENDTRNS	
TRNS	INVOICE	05/13/2021	Truck: 1822	Accounts Receivable	182	30.55	82900	
SPL	INVOICE	05/13/2021	H1	Sales Income	182	-30.55	82900	0.67	45.6	
ENDTRNS	
TRNS	INVOICE	05/13/2021	Truck: 1895	Accounts Receivable	173	0	82901	
SPL	INVOICE	05/13/2021	H-3	Sales Income	173	0.0	82901	20.74	0.0	
ENDTRNS	
TRNS	INVOICE	05/13/2021	Truck: 154	Accounts Receivable	154	0	82902	
SPL	INVOICE	05/13/2021	H-2	Sales Income	154	0.0	82902	0.23	0.0	
ENDTRNS	
TRNS	INVOICE	05/13/2021	Truck: 1921-C	Accounts Receivable	162	0	82903	
SPL	INVOICE	05/13/2021	H-2	Sales Income	162	0.0	82903	5.27	0.0	
ENDTRNS	
TRNS	INVOICE	05/13/2021	Truck: 1906	Accounts Receivable	162	0	82904	
SPL	INVOICE	05/13/2021	H-2	Sales Income	162	0.0	82904	1.31	0.0	
ENDTRNS	
TRNS	INVOICE	05/13/2021	Truck: 1546	Accounts Receivable	154	0	82905	
SPL	INVOICE	05/13/2021	H2	Sales Income	154	0.0	82905	0.65	0.0	
ENDTRNS	
TRNS	INVOICE	05/13/2021	Truck: 182	Accounts Receivable	182	59.28	82906	
SPL	INVOICE	05/13/2021	DC	Sales Income	182	-59.28	82906	1.3	45.6	
ENDTRNS	
TRNS	INVOICE	05/13/2021	Truck: 1549	Accounts Receivable	154	0	82907	
SPL	INVOICE	05/13/2021	H2	Sales Income	154	0.0	82907	0.05	0.0	
ENDTRNS	
TRNS	INVOICE	05/13/2021	Truck: 1905	Accounts Receivable	162	0	82908	
SPL	INVOICE	05/13/2021	H-2	Sales Income	162	0.0	82908	6.38	0.0	
ENDTRNS	
TRNS	INVOICE	05/13/2021	Truck: 1923	Accounts Receivable	162	0	82909	
SPL	INVOICE	05/13/2021	H-2	Sales Income	162	0.0	82909	6.5	0.0	
ENDTRNS	
TRNS	INVOICE	05/13/2021	Truck: 154patt	Accounts Receivable	154	0	82910	
SPL	INVOICE	05/13/2021	H2	Sales Income	154	0.0	82910	0.35	0.0	
ENDTRNS	
TRNS	INVOICE	05/13/2021	Truck: 182f150	Accounts Receivable	182	26.45	82911	
SPL	INVOICE	05/13/2021	DC	Sales Income	182	-26.45	82911	0.58	45.6	
ENDTRNS	
TRNS	INVOICE	05/13/2021	Truck: 1903	Accounts Receivable	162	0	82912	
SPL	INVOICE	05/13/2021	H-2	Sales Income	162	0.0	82912	6.75	0.0	
ENDTRNS	
TRNS	INVOICE	05/13/2021	Truck: 154	Accounts Receivable	154	0	82913	
SPL	INVOICE	05/13/2021	I-2	Sales Income	154	0.0	82913	0.16	0.0	
ENDTRNS	
TRNS	INVOICE	05/13/2021	Truck: 1904	Accounts Receivable	162	0	82914	
SPL	INVOICE	05/13/2021	H-2	Sales Income	162	0.0	82914	6.46	0.0	
ENDTRNS	
TRNS	INVOICE	05/13/2021	Truck: 154	Accounts Receivable	154	0	82915	
SPL	INVOICE	05/13/2021	H-2	Sales Income	154	0.0	82915	0.04	0.0	
ENDTRNS	
TRNS	INVOICE	05/13/2021	Truck: 1700	Accounts Receivable	154	0	82916	
SPL	INVOICE	05/13/2021	I-2	Sales Income	154	0.0	82916	0.1	0.0	
ENDTRNS	
TRNS	INVOICE	05/13/2021	Truck: 182	Accounts Receivable	182	13.68	82917	
SPL	INVOICE	05/13/2021	DC	Sales Income	182	-13.68	82917	0.3	45.6	
ENDTRNS	
TRNS	INVOICE	05/13/2021	Truck: 182	Accounts Receivable	154	0	82918	
SPL	INVOICE	05/13/2021	H2	Sales Income	154	0.0	82918	0.22	0.0	
ENDTRNS	
TRNS	INVOICE	05/13/2021	Truck: 182whit	Accounts Receivable	182	5.47	82919	
SPL	INVOICE	05/13/2021	DC	Sales Income	182	-5.47	82919	0.12	45.58	
ENDTRNS	
TRNS	INVOICE	05/13/2021	Truck: 182	Accounts Receivable	182	13.68	82920	
SPL	INVOICE	05/13/2021	DC	Sales Income	182	-13.68	82920	0.3	45.6	
ENDTRNS	
TRNS	INVOICE	05/13/2021	Truck: 154	Accounts Receivable	154	0	82921	
SPL	INVOICE	05/13/2021	W-1 (White Goods )	Sales Income	154	0.0	82921	0.07	0.0	
ENDTRNS	
TRNS	INVOICE	05/13/2021	Truck: 154	Accounts Receivable	154	32.38	82922	
SPL	INVOICE	05/13/2021	DC	Sales Income	154	-32.38	82922	0.71	45.61	
ENDTRNS	
TRNS	INVOICE	05/13/2021	Truck: 1542	Accounts Receivable	154	0	82923	
SPL	INVOICE	05/13/2021	I-2	Sales Income	154	0.0	82923	0.35	0.0	
ENDTRNS	
TRNS	INVOICE	05/13/2021	Truck: ABC	Accounts Receivable	243	0	82924	
SPL	INVOICE	05/13/2021	H-4	Sales Income	243	0.0	82924	4.08	0.0	
ENDTRNS	
TRNS	INVOICE	05/13/2021	Truck: 182	Accounts Receivable	182	0	82925	
SPL	INVOICE	05/13/2021	H2	Sales Income	182	0.0	82925	0.04	0.0	
ENDTRNS	
TRNS	INVOICE	05/14/2021	Truck: 1001calcom	Accounts Receivable	240	100.32	82926	
SPL	INVOICE	05/14/2021	H1	Sales Income	240	-100.32	82926	2.2	45.6	
ENDTRNS	
TRNS	INVOICE	05/14/2021	Truck: 154	Accounts Receivable	154	0	82927	
SPL	INVOICE	05/14/2021	H-2	Sales Income	154	0.0	82927	0.48	0.0	
ENDTRNS	
TRNS	INVOICE	05/14/2021	Truck: 1921-O	Accounts Receivable	162	0	82928	
SPL	INVOICE	05/14/2021	H-2	Sales Income	162	0.0	82928	1.9	0.0	
ENDTRNS	
TRNS	INVOICE	05/14/2021	Truck: 154	Accounts Receivable	154	0	82929	
SPL	INVOICE	05/14/2021	H-2	Sales Income	154	0.0	82929	0.17	0.0	
ENDTRNS	
TRNS	INVOICE	05/14/2021	Truck: 182	Accounts Receivable	182	49.25	82930	
SPL	INVOICE	05/14/2021	DC	Sales Income	182	-49.25	82930	1.08	45.6	
ENDTRNS	
TRNS	INVOICE	05/14/2021	Truck: 1547	Accounts Receivable	154	0	82931	
SPL	INVOICE	05/14/2021	H2	Sales Income	154	0.0	82931	1	0.0	
ENDTRNS	
TRNS	INVOICE	05/14/2021	Truck: 1548	Accounts Receivable	154	0	82932	
SPL	INVOICE	05/14/2021	H2	Sales Income	154	0.0	82932	0.26	0.0	
ENDTRNS	
TRNS	INVOICE	05/14/2021	Truck: 1546	Accounts Receivable	154	0	82933	
SPL	INVOICE	05/14/2021	I-2	Sales Income	154	0.0	82933	0.55	0.0	
ENDTRNS	
TRNS	INVOICE	05/14/2021	Truck: 154trk	Accounts Receivable	154	0	82934	
SPL	INVOICE	05/14/2021	H2	Sales Income	154	0.0	82934	0.17	0.0	
ENDTRNS	
TRNS	INVOICE	05/14/2021	Truck: 465182	Accounts Receivable	182	21.89	82935	
SPL	INVOICE	05/14/2021	DC	Sales Income	182	-21.89	82935	0.48	45.6	
ENDTRNS	
TRNS	INVOICE	05/14/2021	Truck: 1895	Accounts Receivable	173	0	82936	
SPL	INVOICE	05/14/2021	H-3	Sales Income	173	0.0	82936	28.04	0.0	
ENDTRNS	
TRNS	INVOICE	05/14/2021	Truck: 1921-I	Accounts Receivable	162	0	82937	
SPL	INVOICE	05/14/2021	I-2	Sales Income	162	0.0	82937	0.79	0.0	
ENDTRNS	
TRNS	INVOICE	05/14/2021	Truck: 154	Accounts Receivable	154	0	82938	
SPL	INVOICE	05/14/2021	I-2	Sales Income	154	0.0	82938	0.1	0.0	
ENDTRNS	
TRNS	INVOICE	05/14/2021	Truck: 1823	Accounts Receivable	182	89.83	82939	
SPL	INVOICE	05/14/2021	DC	Sales Income	182	-89.83	82939	1.97	45.6	
ENDTRNS	
TRNS	INVOICE	05/14/2021	Truck: 1921-O	Accounts Receivable	162	0	82940	
SPL	INVOICE	05/14/2021	H-2	Sales Income	162	0.0	82940	2.65	0.0	
ENDTRNS	
TRNS	INVOICE	05/14/2021	Truck: 154nav	Accounts Receivable	154	0	82941	
SPL	INVOICE	05/14/2021	I-2	Sales Income	154	0.0	82941	0.91	0.0	
ENDTRNS	
TRNS	INVOICE	05/14/2021	Truck: 1828	Accounts Receivable	182	35.11	82942	
SPL	INVOICE	05/14/2021	DC	Sales Income	182	-35.11	82942	0.77	45.6	
ENDTRNS	
TRNS	INVOICE	05/14/2021	Truck: 154red	Accounts Receivable	154	0	82943	
SPL	INVOICE	05/14/2021	I-2	Sales Income	154	0.0	82943	0.07	0.0	
ENDTRNS	
TRNS	INVOICE	05/14/2021	Truck: 154	Accounts Receivable	154	0	82944	
SPL	INVOICE	05/14/2021	I-2	Sales Income	154	0.0	82944	1.8	0.0	
ENDTRNS	
TRNS	INVOICE	05/14/2021	Truck: 1904	Accounts Receivable	162	0	82945	
SPL	INVOICE	05/14/2021	H-2	Sales Income	162	0.0	82945	8.1	0.0	
ENDTRNS	
TRNS	INVOICE	05/14/2021	Truck: 1482ala	Accounts Receivable	182	55.18	82946	
SPL	INVOICE	05/14/2021	DC	Sales Income	182	-55.18	82946	1.21	45.6	
ENDTRNS	
TRNS	INVOICE	05/14/2021	Truck: 182ala2	Accounts Receivable	182	13.22	82947	
SPL	INVOICE	05/14/2021	DC	Sales Income	182	-13.22	82947	0.29	45.59	
ENDTRNS	
TRNS	INVOICE	05/14/2021	Truck: 154116	Accounts Receivable	154	0	82948	
SPL	INVOICE	05/14/2021	I-2	Sales Income	154	0.0	82948	0.05	0.0	
ENDTRNS	
TRNS	INVOICE	05/14/2021	Truck: 1907	Accounts Receivable	162	0	82949	
SPL	INVOICE	05/14/2021	H-2	Sales Income	162	0.0	82949	8.57	0.0	
ENDTRNS	
TRNS	INVOICE	05/14/2021	Truck: Renee 2	Accounts Receivable	194	11.86	82950	
SPL	INVOICE	05/14/2021	H1	Sales Income	194	-11.86	82950	0.26	45.62	
ENDTRNS	
TRNS	INVOICE	05/14/2021	Truck: 1923	Accounts Receivable	162	0	82951	
SPL	INVOICE	05/14/2021	H-2	Sales Income	162	0.0	82951	8.64	0.0	
ENDTRNS	
TRNS	INVOICE	05/14/2021	Truck: 154	Accounts Receivable	154	0	82952	
SPL	INVOICE	05/14/2021	I-2	Sales Income	154	0.0	82952	0.12	0.0	
ENDTRNS	
TRNS	INVOICE	05/14/2021	Truck: 1903	Accounts Receivable	162	0	82953	
SPL	INVOICE	05/14/2021	H-2	Sales Income	162	0.0	82953	7.27	0.0	
ENDTRNS	
TRNS	INVOICE	05/14/2021	Truck: 154red	Accounts Receivable	154	0	82954	
SPL	INVOICE	05/14/2021	H2	Sales Income	154	0.0	82954	0.07	0.0	
ENDTRNS	
TRNS	INVOICE	05/14/2021	Truck: 1895	Accounts Receivable	173	0	82955	
SPL	INVOICE	05/14/2021	H-3	Sales Income	173	0.0	82955	29.72	0.0	
ENDTRNS	
TRNS	INVOICE	05/14/2021	Truck: trees	Accounts Receivable	154	0	82956	
SPL	INVOICE	05/14/2021	H2	Sales Income	154	0.0	82956	0.2	0.0	
ENDTRNS	
TRNS	INVOICE	05/14/2021	Truck: 154trees	Accounts Receivable	154	0	82957	
SPL	INVOICE	05/14/2021	H2	Sales Income	154	0.0	82957	0.84	0.0	
ENDTRNS	
TRNS	INVOICE	05/14/2021	Truck: 154	Accounts Receivable	154	0	82958	
SPL	INVOICE	05/14/2021	H-2	Sales Income	154	0.0	82958	0.04	0.0	
ENDTRNS	
TRNS	INVOICE	05/14/2021	Truck: 182	Accounts Receivable	182	15.5	82959	
SPL	INVOICE	05/14/2021	DC	Sales Income	182	-15.5	82959	0.34	45.59	
ENDTRNS	
TRNS	INVOICE	05/14/2021	Truck: 154	Accounts Receivable	154	0	82960	
SPL	INVOICE	05/14/2021	I-2	Sales Income	154	0.0	82960	0.8	0.0	
ENDTRNS	
TRNS	INVOICE	05/14/2021	Truck: 154red	Accounts Receivable	154	0	82961	
SPL	INVOICE	05/14/2021	H2	Sales Income	154	0.0	82961	0.17	0.0	
ENDTRNS	
TRNS	INVOICE	05/14/2021	Truck: 405-1489	Accounts Receivable	150	0	82962	
SPL	INVOICE	05/14/2021	I-2	Sales Income	150	0.0	82962	0.67	0.0	
ENDTRNS	
TRNS	INVOICE	05/14/2021	Truck: 154drkblu	Accounts Receivable	154	0	82963	
SPL	INVOICE	05/14/2021	H2	Sales Income	154	0.0	82963	0.4	0.0	
ENDTRNS	
TRNS	INVOICE	05/14/2021	Truck: 182bronz	Accounts Receivable	182	16.42	82964	
SPL	INVOICE	05/14/2021	DC	Sales Income	182	-16.42	82964	0.36	45.61	
ENDTRNS	
TRNS	INVOICE	05/14/2021	Truck: 1906	Accounts Receivable	162	0	82965	
SPL	INVOICE	05/14/2021	H-2	Sales Income	162	0.0	82965	8.98	0.0	
ENDTRNS	
TRNS	INVOICE	05/14/2021	Truck: 154fadred	Accounts Receivable	154	0	82966	
SPL	INVOICE	05/14/2021	I-2	Sales Income	154	0.0	82966	0.23	0.0	
ENDTRNS	
TRNS	INVOICE	05/14/2021	Truck: 820154	Accounts Receivable	154	0	82967	
SPL	INVOICE	05/14/2021	H2	Sales Income	154	0.0	82967	0.26	0.0	
ENDTRNS	
TRNS	INVOICE	05/14/2021	Truck: 315182	Accounts Receivable	182	5.47	82968	
SPL	INVOICE	05/14/2021	DC	Sales Income	182	-5.47	82968	0.12	45.58	
ENDTRNS	
TRNS	INVOICE	05/14/2021	Truck: 154	Accounts Receivable	154	0	82969	
SPL	INVOICE	05/14/2021	I-2	Sales Income	154	0.0	82969	0.41	0.0	
ENDTRNS	
TRNS	INVOICE	05/14/2021	Truck: 1542	Accounts Receivable	154	0	82970	
SPL	INVOICE	05/14/2021	H2	Sales Income	154	0.0	82970	0.27	0.0	
ENDTRNS	
TRNS	INVOICE	05/15/2021	Truck: 182	Accounts Receivable	182	23.26	82971	
SPL	INVOICE	05/15/2021	DC	Sales Income	182	-23.26	82971	0.51	45.61	
ENDTRNS	
TRNS	INVOICE	05/15/2021	Truck: 15482	Accounts Receivable	154	0	82972	
SPL	INVOICE	05/15/2021	H2	Sales Income	154	0.0	82972	0.14	0.0	
ENDTRNS	
TRNS	INVOICE	05/15/2021	Truck: 315	Accounts Receivable	154	0	82973	
SPL	INVOICE	05/15/2021	H2	Sales Income	154	0.0	82973	1.19	0.0	
ENDTRNS	
TRNS	INVOICE	05/15/2021	Truck: 1025	Accounts Receivable	154	0	82974	
SPL	INVOICE	05/15/2021	H2	Sales Income	154	0.0	82974	0.39	0.0	
ENDTRNS	
TRNS	INVOICE	05/15/2021	Truck: 154krog	Accounts Receivable	154	0	82975	
SPL	INVOICE	05/15/2021	H2	Sales Income	154	0.0	82975	1.62	0.0	
ENDTRNS	
TRNS	INVOICE	05/15/2021	Truck: 1549	Accounts Receivable	154	0	82976	
SPL	INVOICE	05/15/2021	I-2	Sales Income	154	0.0	82976	0.11	0.0	
ENDTRNS	
TRNS	INVOICE	05/15/2021	Truck: 154grey	Accounts Receivable	154	0	82977	
SPL	INVOICE	05/15/2021	I-2	Sales Income	154	0.0	82977	2.09	0.0	
ENDTRNS	
TRNS	INVOICE	05/15/2021	Truck: 154	Accounts Receivable	154	0	82978	
SPL	INVOICE	05/15/2021	H-2	Sales Income	154	0.0	82978	0.19	0.0	
ENDTRNS	
TRNS	INVOICE	05/15/2021	Truck: eef	Accounts Receivable	154	0	82979	
SPL	INVOICE	05/15/2021	H2	Sales Income	154	0.0	82979	0.09	0.0	
ENDTRNS	
TRNS	INVOICE	05/15/2021	Truck: 183brug	Accounts Receivable	154	6.84	82980	
SPL	INVOICE	05/15/2021	DC	Sales Income	154	-6.84	82980	0.15	45.6	
ENDTRNS	
TRNS	INVOICE	05/15/2021	Truck: van	Accounts Receivable	154	0	82981	
SPL	INVOICE	05/15/2021	H2	Sales Income	154	0.0	82981	0.1	0.0	
ENDTRNS	
TRNS	INVOICE	05/15/2021	Truck: hopwell	Accounts Receivable	182	0	82982	
SPL	INVOICE	05/15/2021	H2	Sales Income	182	0.0	82982	1.98	0.0	
ENDTRNS	
TRNS	INVOICE	05/15/2021	Truck: 182	Accounts Receivable	182	33.74	82983	
SPL	INVOICE	05/15/2021	DC	Sales Income	182	-33.74	82983	0.74	45.59	
ENDTRNS	
TRNS	INVOICE	05/15/2021	Truck: 154grey	Accounts Receivable	154	9.58	82984	
SPL	INVOICE	05/15/2021	DC	Sales Income	154	-9.58	82984	0.21	45.62	
ENDTRNS	
TRNS	INVOICE	05/15/2021	Truck: 154blue	Accounts Receivable	154	0	82985	
SPL	INVOICE	05/15/2021	H2	Sales Income	154	0.0	82985	0.09	0.0	
ENDTRNS	
TRNS	INVOICE	05/15/2021	Truck: 154redsh	Accounts Receivable	154	0	82986	
SPL	INVOICE	05/15/2021	I-2	Sales Income	154	0.0	82986	0.18	0.0	
ENDTRNS	
TRNS	INVOICE	05/15/2021	Truck: blk	Accounts Receivable	154	28.27	82987	
SPL	INVOICE	05/15/2021	DC	Sales Income	154	-28.27	82987	0.62	45.6	
ENDTRNS	
TRNS	INVOICE	05/15/2021	Truck: 154oldie	Accounts Receivable	154	0	82988	
SPL	INVOICE	05/15/2021	H2	Sales Income	154	0.0	82988	0.09	0.0	
ENDTRNS	
TRNS	INVOICE	05/15/2021	Truck: 1822	Accounts Receivable	154	12.77	82989	
SPL	INVOICE	05/15/2021	DC	Sales Income	154	-12.77	82989	0.28	45.61	
ENDTRNS	
TRNS	INVOICE	05/15/2021	Truck: 58	Accounts Receivable	154	0	82990	
SPL	INVOICE	05/15/2021	H2	Sales Income	154	0.0	82990	0.13	0.0	
ENDTRNS	
TRNS	INVOICE	05/15/2021	Truck: 1547	Accounts Receivable	154	0	82991	
SPL	INVOICE	05/15/2021	I-2	Sales Income	154	0.0	82991	0.15	0.0	
ENDTRNS	
TRNS	INVOICE	05/15/2021	Truck: 154grey	Accounts Receivable	154	0	82992	
SPL	INVOICE	05/15/2021	I-2	Sales Income	154	0.0	82992	0.09	0.0	
ENDTRNS	
TRNS	INVOICE	05/15/2021	Truck: Weaver	Accounts Receivable	154	0	82993	
SPL	INVOICE	05/15/2021	H2	Sales Income	154	0.0	82993	0.4	0.0	
ENDTRNS	
TRNS	INVOICE	05/15/2021	Truck: 853	Accounts Receivable	154	0	82994	
SPL	INVOICE	05/15/2021	I-2	Sales Income	154	0.0	82994	0.34	0.0	
ENDTRNS	
TRNS	INVOICE	05/15/2021	Truck: 154whit	Accounts Receivable	154	0	82995	
SPL	INVOICE	05/15/2021	H2	Sales Income	154	0.0	82995	0.56	0.0	
ENDTRNS	
TRNS	INVOICE	05/15/2021	Truck: 1477	Accounts Receivable	154	0	82996	
SPL	INVOICE	05/15/2021	I-2	Sales Income	154	0.0	82996	0.53	0.0	
ENDTRNS	
TRNS	INVOICE	05/15/2021	Truck: 182	Accounts Receivable	182	36.48	82997	
SPL	INVOICE	05/15/2021	DC	Sales Income	182	-36.48	82997	0.8	45.6	
ENDTRNS	
TRNS	INVOICE	05/15/2021	Truck: 182red	Accounts Receivable	182	11.4	82998	
SPL	INVOICE	05/15/2021	DC	Sales Income	182	-11.4	82998	0.25	45.6	
ENDTRNS	
TRNS	INVOICE	05/15/2021	Truck: 182whit	Accounts Receivable	182	30.55	82999	
SPL	INVOICE	05/15/2021	DC	Sales Income	182	-30.55	82999	0.67	45.6	
ENDTRNS	
TRNS	INVOICE	05/15/2021	Truck: 154ram	Accounts Receivable	154	0	83000	
SPL	INVOICE	05/15/2021	H2	Sales Income	154	0.0	83000	0.27	0.0	
ENDTRNS	
TRNS	INVOICE	05/15/2021	Truck: Caudell	Accounts Receivable	154	0	83001	
SPL	INVOICE	05/15/2021	I-2	Sales Income	154	0.0	83001	0.3	0.0	
ENDTRNS	
TRNS	INVOICE	05/15/2021	Truck: 154red3	Accounts Receivable	154	0	83002	
SPL	INVOICE	05/15/2021	H2	Sales Income	154	0.0	83002	0.14	0.0	
ENDTRNS	
TRNS	INVOICE	05/15/2021	Truck: 154redtoy	Accounts Receivable	154	0	83003	
SPL	INVOICE	05/15/2021	H2	Sales Income	154	0.0	83003	0.15	0.0	
ENDTRNS	
TRNS	INVOICE	05/15/2021	Truck: 154farm	Accounts Receivable	154	0	83004	
SPL	INVOICE	05/15/2021	H2	Sales Income	154	0.0	83004	0.07	0.0	
ENDTRNS	
TRNS	INVOICE	05/15/2021	Truck: 100154	Accounts Receivable	154	0	83005	
SPL	INVOICE	05/15/2021	I-2	Sales Income	154	0.0	83005	0.15	0.0	
ENDTRNS	
TRNS	INVOICE	05/15/2021	Truck: 232	Accounts Receivable	154	0	83006	
SPL	INVOICE	05/15/2021	H2	Sales Income	154	0.0	83006	0.15	0.0	
ENDTRNS	
TRNS	INVOICE	05/15/2021	Truck: 737182	Accounts Receivable	182	18.24	83007	
SPL	INVOICE	05/15/2021	DC	Sales Income	182	-18.24	83007	0.4	45.6	
ENDTRNS	
TRNS	INVOICE	05/15/2021	Truck: 1549	Accounts Receivable	154	0	83008	
SPL	INVOICE	05/15/2021	H2	Sales Income	154	0.0	83008	0.89	0.0	
ENDTRNS	
TRNS	INVOICE	05/15/2021	Truck: 1985	Accounts Receivable	154	0	83009	
SPL	INVOICE	05/15/2021	H2	Sales Income	154	0.0	83009	0.26	0.0	
ENDTRNS	
TRNS	INVOICE	05/15/2021	Truck: 307	Accounts Receivable	154	0	83010	
SPL	INVOICE	05/15/2021	I-2	Sales Income	154	0.0	83010	0.05	0.0	
ENDTRNS	
TRNS	INVOICE	05/15/2021	Truck: 246	Accounts Receivable	154	0	83011	
SPL	INVOICE	05/15/2021	I-2	Sales Income	154	0.0	83011	0.33	0.0	
ENDTRNS	
TRNS	INVOICE	05/15/2021	Truck: 182bsk	Accounts Receivable	182	23.71	83012	
SPL	INVOICE	05/15/2021	DC	Sales Income	182	-23.71	83012	0.52	45.6	
ENDTRNS	
TRNS	INVOICE	05/15/2021	Truck: 1547	Accounts Receivable	154	0	83013	
SPL	INVOICE	05/15/2021	H2	Sales Income	154	0.0	83013	0.03	0.0	
ENDTRNS	
TRNS	INVOICE	05/15/2021	Truck: Colander	Accounts Receivable	154	0	83014	
SPL	INVOICE	05/15/2021	I-2	Sales Income	154	0.0	83014	0.17	0.0	
ENDTRNS	
TRNS	INVOICE	05/15/2021	Truck: 139kingsto	Accounts Receivable	182	12.31	83015	
SPL	INVOICE	05/15/2021	DC	Sales Income	182	-12.31	83015	0.27	45.59	
ENDTRNS	
TRNS	INVOICE	05/15/2021	Truck: barnett	Accounts Receivable	182	39.67	83016	
SPL	INVOICE	05/15/2021	DC	Sales Income	182	-39.67	83016	0.87	45.6	
ENDTRNS	
TRNS	INVOICE	05/15/2021	Truck: 895b	Accounts Receivable	154	0	83017	
SPL	INVOICE	05/15/2021	H2	Sales Income	154	0.0	83017	0.13	0.0	
ENDTRNS	
TRNS	INVOICE	05/15/2021	Truck: 154tan	Accounts Receivable	154	0	83018	
SPL	INVOICE	05/15/2021	H2	Sales Income	154	0.0	83018	1.07	0.0	
ENDTRNS	
TRNS	INVOICE	05/15/2021	Truck: 182red	Accounts Receivable	154	46.51	83019	
SPL	INVOICE	05/15/2021	H1	Sales Income	154	-46.51	83019	1.02	45.6	
ENDTRNS	
TRNS	INVOICE	05/15/2021	Truck: 154red2	Accounts Receivable	154	0	83020	
SPL	INVOICE	05/15/2021	H2	Sales Income	154	0.0	83020	0.53	0.0	
ENDTRNS	
TRNS	INVOICE	05/15/2021	Truck: 182	Accounts Receivable	182	0	83021	
SPL	INVOICE	05/15/2021	H2	Sales Income	182	0.0	83021	0.12	0.0	
ENDTRNS	
TRNS	INVOICE	05/15/2021	Truck: 154green	Accounts Receivable	154	0	83022	
SPL	INVOICE	05/15/2021	W-1 (White Goods )	Sales Income	154	0.0	83022	0.21	0.0	
ENDTRNS	
TRNS	INVOICE	05/15/2021	Truck: 865butts	Accounts Receivable	154	0	83023	
SPL	INVOICE	05/15/2021	H2	Sales Income	154	0.0	83023	0.43	0.0	
ENDTRNS	
TRNS	INVOICE	05/15/2021	Truck: 34makee	Accounts Receivable	182	25.08	83024	
SPL	INVOICE	05/15/2021	DC	Sales Income	182	-25.08	83024	0.55	45.6	
ENDTRNS	
TRNS	INVOICE	05/15/2021	Truck: 261182	Accounts Receivable	182	7.3	83025	
SPL	INVOICE	05/15/2021	DC	Sales Income	182	-7.3	83025	0.16	45.62	
ENDTRNS	
TRNS	INVOICE	05/15/2021	Truck: 182pine	Accounts Receivable	182	5.47	83026	
SPL	INVOICE	05/15/2021	DC	Sales Income	182	-5.47	83026	0.12	45.58	
ENDTRNS	
TRNS	INVOICE	05/15/2021	Truck: 154	Accounts Receivable	154	0	83027	
SPL	INVOICE	05/15/2021	H-2	Sales Income	154	0.0	83027	0.14	0.0	
ENDTRNS	
TRNS	INVOICE	05/15/2021	Truck: nelnm	Accounts Receivable	154	0	83028	
SPL	INVOICE	05/15/2021	H2	Sales Income	154	0.0	83028	0.72	0.0	
ENDTRNS	
TRNS	INVOICE	05/15/2021	Truck: 154limb	Accounts Receivable	154	0	83029	
SPL	INVOICE	05/15/2021	I-2	Sales Income	154	0.0	83029	0.08	0.0	
ENDTRNS	
TRNS	INVOICE	05/15/2021	Truck: 240	Accounts Receivable	154	0	83030	
SPL	INVOICE	05/15/2021	I-2	Sales Income	154	0.0	83030	0.12	0.0	
ENDTRNS	
TRNS	INVOICE	05/15/2021	Truck: 154f150	Accounts Receivable	154	0	83031	
SPL	INVOICE	05/15/2021	H2	Sales Income	154	0.0	83031	0.13	0.0	
ENDTRNS	
TRNS	INVOICE	05/15/2021	Truck: 11549	Accounts Receivable	154	0	83032	
SPL	INVOICE	05/15/2021	I-2	Sales Income	154	0.0	83032	0.78	0.0	
ENDTRNS	
TRNS	INVOICE	05/15/2021	Truck: 1548	Accounts Receivable	154	0	83033	
SPL	INVOICE	05/15/2021	I-2	Sales Income	154	0.0	83033	0.27	0.0	
ENDTRNS	
TRNS	INVOICE	05/15/2021	Truck: 154grey	Accounts Receivable	154	0	83034	
SPL	INVOICE	05/15/2021	I-2	Sales Income	154	0.0	83034	0.08	0.0	
ENDTRNS	
TRNS	INVOICE	05/15/2021	Truck: 470154	Accounts Receivable	154	0	83035	
SPL	INVOICE	05/15/2021	H2	Sales Income	154	0.0	83035	0.08	0.0	
ENDTRNS	
TRNS	INVOICE	05/15/2021	Truck: 154matt	Accounts Receivable	154	0	83036	
SPL	INVOICE	05/15/2021	H2	Sales Income	154	0.0	83036	0.19	0.0	
ENDTRNS	
TRNS	INVOICE	05/15/2021	Truck: 154	Accounts Receivable	154	0	83037	
SPL	INVOICE	05/15/2021	H-2	Sales Income	154	0.0	83037	0.65	0.0	
ENDTRNS	
TRNS	INVOICE	05/15/2021	Truck: 1547	Accounts Receivable	154	0	83038	
SPL	INVOICE	05/15/2021	H2	Sales Income	154	0.0	83038	0.52	0.0	
ENDTRNS	
TRNS	INVOICE	05/15/2021	Truck: 154red	Accounts Receivable	154	0	83039	
SPL	INVOICE	05/15/2021	H2	Sales Income	154	0.0	83039	0.08	0.0	
ENDTRNS	
TRNS	INVOICE	05/15/2021	Truck: 149	Accounts Receivable	154	0	83040	
SPL	INVOICE	05/15/2021	H2	Sales Income	154	0.0	83040	0.31	0.0	
ENDTRNS	
TRNS	INVOICE	05/15/2021	Truck: 182	Accounts Receivable	182	20.98	83041	
SPL	INVOICE	05/15/2021	DC	Sales Income	182	-20.98	83041	0.46	45.61	
ENDTRNS	
TRNS	INVOICE	05/15/2021	Truck: 1547	Accounts Receivable	154	0	83042	
SPL	INVOICE	05/15/2021	H2	Sales Income	154	0.0	83042	1.35	0.0	
ENDTRNS	
TRNS	INVOICE	05/15/2021	Truck: 154	Accounts Receivable	154	0	83043	
SPL	INVOICE	05/15/2021	I-2	Sales Income	154	0.0	83043	0.07	0.0	
ENDTRNS	
TRNS	INVOICE	05/17/2021	Truck: 1001JCGCOM	Accounts Receivable	240	220.59	83044	
SPL	INVOICE	05/17/2021	H1	Sales Income	240	-220.59	83044	4.8375	45.6	
ENDTRNS	
TRNS	INVOICE	05/17/2021	Truck: 154	Accounts Receivable	182	111.26	83045	
SPL	INVOICE	05/17/2021	DC	Sales Income	182	-111.26	83045	2.44	45.6	
ENDTRNS	
TRNS	INVOICE	05/17/2021	Truck: 154whtchev	Accounts Receivable	154	0	83046	
SPL	INVOICE	05/17/2021	H2	Sales Income	154	0.0	83046	0.08	0.0	
ENDTRNS	
TRNS	INVOICE	05/17/2021	Truck: 154blkz71	Accounts Receivable	154	0	83047	
SPL	INVOICE	05/17/2021	H2	Sales Income	154	0.0	83047	0.13	0.0	
ENDTRNS	
TRNS	INVOICE	05/17/2021	Truck: 154f250	Accounts Receivable	154	0	83048	
SPL	INVOICE	05/17/2021	H2	Sales Income	154	0.0	83048	0.16	0.0	
ENDTRNS	
TRNS	INVOICE	05/17/2021	Truck: 154blkram	Accounts Receivable	154	0	83049	
SPL	INVOICE	05/17/2021	H2	Sales Income	154	0.0	83049	0.63	0.0	
ENDTRNS	
TRNS	INVOICE	05/17/2021	Truck: 1921-O	Accounts Receivable	162	0	83050	
SPL	INVOICE	05/17/2021	H-2	Sales Income	162	0.0	83050	1.32	0.0	
ENDTRNS	
TRNS	INVOICE	05/17/2021	Truck: 154sivram	Accounts Receivable	154	0	83051	
SPL	INVOICE	05/17/2021	H2	Sales Income	154	0.0	83051	0.01	0.0	
ENDTRNS	
TRNS	INVOICE	05/17/2021	Truck: 154blktit	Accounts Receivable	154	0	83052	
SPL	INVOICE	05/17/2021	H2	Sales Income	154	0.0	83052	0.02	0.0	
ENDTRNS	
TRNS	INVOICE	05/17/2021	Truck: 154sivfx4	Accounts Receivable	154	0	83053	
SPL	INVOICE	05/17/2021	H2	Sales Income	154	0.0	83053	0.09	0.0	
ENDTRNS	
TRNS	INVOICE	05/17/2021	Truck: Co H 3	Accounts Receivable	154	0	83054	
SPL	INVOICE	05/17/2021	H-2	Sales Income	154	0.0	83054	0.45	0.0	
ENDTRNS	
TRNS	INVOICE	05/17/2021	Truck: 182btd	Accounts Receivable	182	20.98	83055	
SPL	INVOICE	05/17/2021	H1	Sales Income	182	-20.98	83055	0.46	45.61	
ENDTRNS	
TRNS	INVOICE	05/17/2021	Truck: 1001JCG20y	Accounts Receivable	240	0	83056	
SPL	INVOICE	05/17/2021	H-1	Sales Income	240	0.0	83056	0.79	0.0	
ENDTRNS	
TRNS	INVOICE	05/17/2021	Truck: 1921-O	Accounts Receivable	162	0	83057	
SPL	INVOICE	05/17/2021	H-2	Sales Income	162	0.0	83057	2.6	0.0	
ENDTRNS	
TRNS	INVOICE	05/17/2021	Truck: 154	Accounts Receivable	154	0	83058	
SPL	INVOICE	05/17/2021	H-2	Sales Income	154	0.0	83058	0.07	0.0	
ENDTRNS	
TRNS	INVOICE	05/17/2021	Truck: 154toy	Accounts Receivable	154	0	83059	
SPL	INVOICE	05/17/2021	H2	Sales Income	154	0.0	83059	0.12	0.0	
ENDTRNS	
TRNS	INVOICE	05/17/2021	Truck: 154gmc	Accounts Receivable	154	0	83060	
SPL	INVOICE	05/17/2021	I-2	Sales Income	154	0.0	83060	2.12	0.0	
ENDTRNS	
TRNS	INVOICE	05/17/2021	Truck: 154chev	Accounts Receivable	154	0	83061	
SPL	INVOICE	05/17/2021	H2	Sales Income	154	0.0	83061	0.28	0.0	
ENDTRNS	
TRNS	INVOICE	05/17/2021	Truck: 1921-O	Accounts Receivable	162	0	83062	
SPL	INVOICE	05/17/2021	H-2	Sales Income	162	0.0	83062	6.78	0.0	
ENDTRNS	
TRNS	INVOICE	05/17/2021	Truck: 1904	Accounts Receivable	162	0	83063	
SPL	INVOICE	05/17/2021	H-2	Sales Income	162	0.0	83063	5.01	0.0	
ENDTRNS	
TRNS	INVOICE	05/17/2021	Truck: 182	Accounts Receivable	182	18.7	83064	
SPL	INVOICE	05/17/2021	DC	Sales Income	182	-18.7	83064	0.41	45.61	
ENDTRNS	
TRNS	INVOICE	05/17/2021	Truck: 154redsuv	Accounts Receivable	154	0	83065	
SPL	INVOICE	05/17/2021	H2	Sales Income	154	0.0	83065	0.08	0.0	
ENDTRNS	
TRNS	INVOICE	05/17/2021	Truck: 154bluec	Accounts Receivable	154	0	83066	
SPL	INVOICE	05/17/2021	H2	Sales Income	154	0.0	83066	0.17	0.0	
ENDTRNS	
TRNS	INVOICE	05/17/2021	Truck: 154blkgmc	Accounts Receivable	154	0	83067	
SPL	INVOICE	05/17/2021	I-2	Sales Income	154	0.0	83067	0.33	0.0	
ENDTRNS	
TRNS	INVOICE	05/17/2021	Truck: 1895	Accounts Receivable	173	0	83068	
SPL	INVOICE	05/17/2021	H-3	Sales Income	173	0.0	83068	25.91	0.0	
ENDTRNS	
TRNS	INVOICE	05/17/2021	Truck: 154lilred	Accounts Receivable	154	0	83069	
SPL	INVOICE	05/17/2021	I-2	Sales Income	154	0.0	83069	0.05	0.0	
ENDTRNS	
TRNS	INVOICE	05/17/2021	Truck: 154gmcgold	Accounts Receivable	154	0	83070	
SPL	INVOICE	05/17/2021	H2	Sales Income	154	0.0	83070	0.09	0.0	
ENDTRNS	
TRNS	INVOICE	05/17/2021	Truck: 154outdoor	Accounts Receivable	236	0	83071	
SPL	INVOICE	05/17/2021	H2	Sales Income	236	0.0	83071	0.76	0.0	
ENDTRNS	
TRNS	INVOICE	05/17/2021	Truck: 154whtchev	Accounts Receivable	154	0	83072	
SPL	INVOICE	05/17/2021	H2	Sales Income	154	0.0	83072	0.33	0.0	
ENDTRNS	
TRNS	INVOICE	05/17/2021	Truck: 154gmcwht4	Accounts Receivable	154	0	83073	
SPL	INVOICE	05/17/2021	H2	Sales Income	154	0.0	83073	0.03	0.0	
ENDTRNS	
TRNS	INVOICE	05/17/2021	Truck: 154redgc	Accounts Receivable	154	0	83074	
SPL	INVOICE	05/17/2021	H2	Sales Income	154	0.0	83074	0.03	0.0	
ENDTRNS	
TRNS	INVOICE	05/17/2021	Truck: 182	Accounts Receivable	222	3.19	83075	
SPL	INVOICE	05/17/2021	AP 1	Sales Income	222	-3.19	83075	0.07	45.57	
ENDTRNS	
TRNS	INVOICE	05/17/2021	Truck: 154blkf150	Accounts Receivable	154	0	83076	
SPL	INVOICE	05/17/2021	H2	Sales Income	154	0.0	83076	0.07	0.0	
ENDTRNS	
TRNS	INVOICE	05/17/2021	Truck: 154blkram1	Accounts Receivable	154	0	83077	
SPL	INVOICE	05/17/2021	H2	Sales Income	154	0.0	83077	0.13	0.0	
ENDTRNS	
TRNS	INVOICE	05/17/2021	Truck: 182whtsuv	Accounts Receivable	182	15.96	83078	
SPL	INVOICE	05/17/2021	DC	Sales Income	182	-15.96	83078	0.35	45.6	
ENDTRNS	
TRNS	INVOICE	05/17/2021	Truck: 154grytun	Accounts Receivable	154	0	83079	
SPL	INVOICE	05/17/2021	H2	Sales Income	154	0.0	83079	0.13	0.0	
ENDTRNS	
TRNS	INVOICE	05/17/2021	Truck: 154	Accounts Receivable	154	0	83080	
SPL	INVOICE	05/17/2021	H-2	Sales Income	154	0.0	83080	0.08	0.0	
ENDTRNS	
TRNS	INVOICE	05/17/2021	Truck: 154fx4blk	Accounts Receivable	154	0	83081	
SPL	INVOICE	05/17/2021	H2	Sales Income	154	0.0	83081	0.03	0.0	
ENDTRNS	
TRNS	INVOICE	05/17/2021	Truck: 154vanblu	Accounts Receivable	154	0	83082	
SPL	INVOICE	05/17/2021	H2	Sales Income	154	0.0	83082	0.2	0.0	
ENDTRNS	
TRNS	INVOICE	05/17/2021	Truck: 1921-O	Accounts Receivable	162	0	83083	
SPL	INVOICE	05/17/2021	H-2	Sales Income	162	0.0	83083	2.33	0.0	
ENDTRNS	
TRNS	INVOICE	05/17/2021	Truck: 154toyblk	Accounts Receivable	154	0	83084	
SPL	INVOICE	05/17/2021	H2	Sales Income	154	0.0	83084	0.02	0.0	
ENDTRNS	
TRNS	INVOICE	05/17/2021	Truck: 154hamiton	Accounts Receivable	154	0	83085	
SPL	INVOICE	05/17/2021	I-2	Sales Income	154	0.0	83085	0.61	0.0	
ENDTRNS	
TRNS	INVOICE	05/17/2021	Truck: 154whttoy	Accounts Receivable	154	0	83086	
SPL	INVOICE	05/17/2021	H2	Sales Income	154	0.0	83086	0.05	0.0	
ENDTRNS	
TRNS	INVOICE	05/17/2021	Truck: 154lilredm	Accounts Receivable	154	0	83087	
SPL	INVOICE	05/17/2021	H2	Sales Income	154	0.0	83087	0.55	0.0	
ENDTRNS	
TRNS	INVOICE	05/17/2021	Truck: 154whts10	Accounts Receivable	154	0	83088	
SPL	INVOICE	05/17/2021	I-2	Sales Income	154	0.0	83088	0.04	0.0	
ENDTRNS	
TRNS	INVOICE	05/17/2021	Truck: 154goldf15	Accounts Receivable	154	0	83089	
SPL	INVOICE	05/17/2021	H2	Sales Income	154	0.0	83089	0.03	0.0	
ENDTRNS	
TRNS	INVOICE	05/17/2021	Truck: 1 2 3	Accounts Receivable	154	0	83090	
SPL	INVOICE	05/17/2021	H-2	Sales Income	154	0.0	83090	4.63	0.0	
ENDTRNS	
TRNS	INVOICE	05/17/2021	Truck: 154blue250	Accounts Receivable	154	0	83091	
SPL	INVOICE	05/17/2021	H2	Sales Income	154	0.0	83091	0.07	0.0	
ENDTRNS	
TRNS	INVOICE	05/17/2021	Truck: 154wz71	Accounts Receivable	154	0	83092	
SPL	INVOICE	05/17/2021	I-2	Sales Income	154	0.0	83092	0.12	0.0	
ENDTRNS	
TRNS	INVOICE	05/17/2021	Truck: 154gray	Accounts Receivable	154	0	83093	
SPL	INVOICE	05/17/2021	H2	Sales Income	154	0.0	83093	0.3	0.0	
ENDTRNS	
TRNS	INVOICE	05/17/2021	Truck: 154blkton	Accounts Receivable	154	0	83094	
SPL	INVOICE	05/17/2021	H2	Sales Income	154	0.0	83094	0.05	0.0	
ENDTRNS	
TRNS	INVOICE	05/17/2021	Truck: 154siverco	Accounts Receivable	154	0	83095	
SPL	INVOICE	05/17/2021	H2	Sales Income	154	0.0	83095	0.03	0.0	
ENDTRNS	
TRNS	INVOICE	05/17/2021	Truck: 154oldford	Accounts Receivable	154	0	83096	
SPL	INVOICE	05/17/2021	H2	Sales Income	154	0.0	83096	0.02	0.0	
ENDTRNS	
TRNS	INVOICE	05/17/2021	Truck: Renee 2	Accounts Receivable	194	15.96	83097	
SPL	INVOICE	05/17/2021	H1	Sales Income	194	-15.96	83097	0.35	45.6	
ENDTRNS	
TRNS	INVOICE	05/17/2021	Truck: 154graytun	Accounts Receivable	154	0	83098	
SPL	INVOICE	05/17/2021	H2	Sales Income	154	0.0	83098	0.07	0.0	
ENDTRNS	
TRNS	INVOICE	05/17/2021	Truck: 154budull	Accounts Receivable	154	0	83099	
SPL	INVOICE	05/17/2021	H2	Sales Income	154	0.0	83099	0.41	0.0	
ENDTRNS	
TRNS	INVOICE	05/17/2021	Truck: 154uh	Accounts Receivable	154	0	83100	
SPL	INVOICE	05/17/2021	H2	Sales Income	154	0.0	83100	0.63	0.0	
ENDTRNS	
TRNS	INVOICE	05/17/2021	Truck: 1921-O	Accounts Receivable	162	0	83101	
SPL	INVOICE	05/17/2021	H-2	Sales Income	162	0.0	83101	2.9	0.0	
ENDTRNS	
TRNS	INVOICE	05/17/2021	Truck: 154blk	Accounts Receivable	154	0	83102	
SPL	INVOICE	05/17/2021	H2	Sales Income	154	0.0	83102	0.02	0.0	
ENDTRNS	
TRNS	INVOICE	05/17/2021	Truck: 154lilred	Accounts Receivable	154	0	83103	
SPL	INVOICE	05/17/2021	I-2	Sales Income	154	0.0	83103	0.1	0.0	
ENDTRNS	
TRNS	INVOICE	05/17/2021	Truck: 154	Accounts Receivable	154	0	83104	
SPL	INVOICE	05/17/2021	H-2	Sales Income	154	0.0	83104	0.21	0.0	
ENDTRNS	
TRNS	INVOICE	05/17/2021	Truck: 154brown	Accounts Receivable	154	0	83105	
SPL	INVOICE	05/17/2021	H2	Sales Income	154	0.0	83105	0.3	0.0	
ENDTRNS	
TRNS	INVOICE	05/17/2021	Truck: 154redf150	Accounts Receivable	154	0	83106	
SPL	INVOICE	05/17/2021	I-2	Sales Income	154	0.0	83106	0.39	0.0	
ENDTRNS	
TRNS	INVOICE	05/17/2021	Truck: 1907	Accounts Receivable	162	0	83107	
SPL	INVOICE	05/17/2021	H-2	Sales Income	162	0.0	83107	9.62	0.0	
ENDTRNS	
TRNS	INVOICE	05/17/2021	Truck: 154oldf	Accounts Receivable	154	0	83108	
SPL	INVOICE	05/17/2021	H2	Sales Income	154	0.0	83108	0.07	0.0	
ENDTRNS	
TRNS	INVOICE	05/17/2021	Truck: 154brtrd	Accounts Receivable	154	0	83109	
SPL	INVOICE	05/17/2021	H2	Sales Income	154	0.0	83109	0.01	0.0	
ENDTRNS	
TRNS	INVOICE	05/17/2021	Truck: 182	Accounts Receivable	182	4.5	83110	
SPL	INVOICE	05/17/2021	I-1	Sales Income	182	-4.5	83110	0.25	18.0	
ENDTRNS	
TRNS	INVOICE	05/17/2021	Truck: 1923	Accounts Receivable	162	0	83111	
SPL	INVOICE	05/17/2021	H-2	Sales Income	162	0.0	83111	11.34	0.0	
ENDTRNS	
TRNS	INVOICE	05/17/2021	Truck: 1906	Accounts Receivable	162	0	83112	
SPL	INVOICE	05/17/2021	H-2	Sales Income	162	0.0	83112	9.5	0.0	
ENDTRNS	
TRNS	INVOICE	05/17/2021	Truck: 1904	Accounts Receivable	162	0	83113	
SPL	INVOICE	05/17/2021	H-2	Sales Income	162	0.0	83113	5.79	0.0	
ENDTRNS	
TRNS	INVOICE	05/17/2021	Truck: 154	Accounts Receivable	154	0	83114	
SPL	INVOICE	05/17/2021	H-2	Sales Income	154	0.0	83114	0.16	0.0	
ENDTRNS	
TRNS	INVOICE	05/17/2021	Truck: 1903	Accounts Receivable	162	0	83115	
SPL	INVOICE	05/17/2021	H-2	Sales Income	162	0.0	83115	7.32	0.0	
ENDTRNS	
TRNS	INVOICE	05/17/2021	Truck: 154blk250	Accounts Receivable	154	0	83116	
SPL	INVOICE	05/17/2021	H2	Sales Income	154	0.0	83116	0.36	0.0	
ENDTRNS	
TRNS	INVOICE	05/17/2021	Truck: 154	Accounts Receivable	154	0	83117	
SPL	INVOICE	05/17/2021	H-2	Sales Income	154	0.0	83117	0.1	0.0	
ENDTRNS	
TRNS	INVOICE	05/17/2021	Truck: 154hu	Accounts Receivable	154	0	83118	
SPL	INVOICE	05/17/2021	H2	Sales Income	154	0.0	83118	0.38	0.0	
ENDTRNS	
TRNS	INVOICE	05/17/2021	Truck: 154gold	Accounts Receivable	154	0	83119	
SPL	INVOICE	05/17/2021	H2	Sales Income	154	0.0	83119	0.03	0.0	
ENDTRNS	
TRNS	INVOICE	05/17/2021	Truck: 1921-O	Accounts Receivable	162	0	83120	
SPL	INVOICE	05/17/2021	H-2	Sales Income	162	0.0	83120	2.37	0.0	
ENDTRNS	
TRNS	INVOICE	05/17/2021	Truck: 154chevybl	Accounts Receivable	154	0	83121	
SPL	INVOICE	05/17/2021	H2	Sales Income	154	0.0	83121	0.32	0.0	
ENDTRNS	
TRNS	INVOICE	05/17/2021	Truck: 154blkf150	Accounts Receivable	182	4	83122	
SPL	INVOICE	05/17/2021	T-1	Sales Income	182	-4.0	83122	0.13	30.77	
ENDTRNS	
TRNS	INVOICE	05/17/2021	Truck: 154lilred	Accounts Receivable	154	0	83123	
SPL	INVOICE	05/17/2021	I-2	Sales Income	154	0.0	83123	0.06	0.0	
ENDTRNS	
TRNS	INVOICE	05/17/2021	Truck: 1895	Accounts Receivable	173	0	83124	
SPL	INVOICE	05/17/2021	H-3	Sales Income	173	0.0	83124	21.76	0.0	
ENDTRNS	
TRNS	INVOICE	05/17/2021	Truck: 154rd150	Accounts Receivable	154	0	83125	
SPL	INVOICE	05/17/2021	I-2	Sales Income	154	0.0	83125	0.17	0.0	
ENDTRNS	
TRNS	INVOICE	05/17/2021	Truck: 182	Accounts Receivable	182	5.93	83126	
SPL	INVOICE	05/17/2021	DC	Sales Income	182	-5.93	83126	0.13	45.62	
ENDTRNS	
TRNS	INVOICE	05/17/2021	Truck: 182graytun	Accounts Receivable	182	40.13	83127	
SPL	INVOICE	05/17/2021	DC	Sales Income	182	-40.13	83127	0.88	45.6	
ENDTRNS	
TRNS	INVOICE	05/17/2021	Truck: 182reddump	Accounts Receivable	182	34.66	83128	
SPL	INVOICE	05/17/2021	DC	Sales Income	182	-34.66	83128	0.76	45.61	
ENDTRNS	
TRNS	INVOICE	05/17/2021	Truck: 154rdull	Accounts Receivable	154	0	83129	
SPL	INVOICE	05/17/2021	H2	Sales Income	154	0.0	83129	0.04	0.0	
ENDTRNS	
TRNS	INVOICE	05/17/2021	Truck: 154hamilto	Accounts Receivable	154	0	83130	
SPL	INVOICE	05/17/2021	I-2	Sales Income	154	0.0	83130	0.83	0.0	
ENDTRNS	
TRNS	INVOICE	05/17/2021	Truck: 154siverch	Accounts Receivable	154	0	83131	
SPL	INVOICE	05/17/2021	H2	Sales Income	154	0.0	83131	0.19	0.0	
ENDTRNS	
TRNS	INVOICE	05/17/2021	Truck: 154wlil	Accounts Receivable	154	0	83132	
SPL	INVOICE	05/17/2021	H2	Sales Income	154	0.0	83132	0.08	0.0	
ENDTRNS	
TRNS	INVOICE	05/17/2021	Truck: 154wht	Accounts Receivable	154	0	83133	
SPL	INVOICE	05/17/2021	H2	Sales Income	154	0.0	83133	0.24	0.0	
ENDTRNS	
TRNS	INVOICE	05/17/2021	Truck: 154bluesil	Accounts Receivable	154	0	83134	
SPL	INVOICE	05/17/2021	H2	Sales Income	154	0.0	83134	0.12	0.0	
ENDTRNS	
TRNS	INVOICE	05/17/2021	Truck: 154redf150	Accounts Receivable	154	0	83135	
SPL	INVOICE	05/17/2021	I-2	Sales Income	154	0.0	83135	0.86	0.0	
ENDTRNS	
TRNS	INVOICE	05/17/2021	Truck: 182	Accounts Receivable	154	0	83136	
SPL	INVOICE	05/17/2021	H2	Sales Income	154	0.0	83136	0.09	0.0	
ENDTRNS	
TRNS	INVOICE	05/18/2021	Truck: 238	Accounts Receivable	238	50.62	83137	
SPL	INVOICE	05/18/2021	DC	Sales Income	238	-50.62	83137	1.11	45.6	
ENDTRNS	
TRNS	INVOICE	05/18/2021	Truck: 1001calcom	Accounts Receivable	240	114.46	83138	
SPL	INVOICE	05/18/2021	H1	Sales Income	240	-114.46	83138	2.51	45.6	
ENDTRNS	
TRNS	INVOICE	05/18/2021	Truck: 182	Accounts Receivable	180	20.98	83139	
SPL	INVOICE	05/18/2021	DC	Sales Income	180	-20.98	83139	0.46	45.61	
ENDTRNS	
TRNS	INVOICE	05/18/2021	Truck: 154	Accounts Receivable	154	0	83140	
SPL	INVOICE	05/18/2021	I-2	Sales Income	154	0.0	83140	0.38	0.0	
ENDTRNS	
TRNS	INVOICE	05/18/2021	Truck: 154	Accounts Receivable	154	0	83141	
SPL	INVOICE	05/18/2021	I-2	Sales Income	154	0.0	83141	3.9	0.0	
ENDTRNS	
TRNS	INVOICE	05/18/2021	Truck: 265	Accounts Receivable	182	4.56	83142	
SPL	INVOICE	05/18/2021	DC	Sales Income	182	-4.56	83142	0.1	45.6	
ENDTRNS	
TRNS	INVOICE	05/18/2021	Truck: 1895	Accounts Receivable	173	0	83143	
SPL	INVOICE	05/18/2021	H-3	Sales Income	173	0.0	83143	29.05	0.0	
ENDTRNS	
TRNS	INVOICE	05/18/2021	Truck: 182	Accounts Receivable	182	125.86	83144	
SPL	INVOICE	05/18/2021	DC	Sales Income	182	-125.86	83144	2.76	45.6	
ENDTRNS	
TRNS	INVOICE	05/18/2021	Truck: 154	Accounts Receivable	154	0	83145	
SPL	INVOICE	05/18/2021	I-2	Sales Income	154	0.0	83145	0.06	0.0	
ENDTRNS	
TRNS	INVOICE	05/18/2021	Truck: 46182	Accounts Receivable	182	0	83146	
SPL	INVOICE	05/18/2021	H2	Sales Income	182	0.0	83146	2.55	0.0	
ENDTRNS	
TRNS	INVOICE	05/18/2021	Truck: 1542	Accounts Receivable	154	0	83147	
SPL	INVOICE	05/18/2021	H2	Sales Income	154	0.0	83147	0.03	0.0	
ENDTRNS	
TRNS	INVOICE	05/18/2021	Truck: 154	Accounts Receivable	154	0	83148	
SPL	INVOICE	05/18/2021	H-2	Sales Income	154	0.0	83148	0.07	0.0	
ENDTRNS	
TRNS	INVOICE	05/18/2021	Truck: 1542	Accounts Receivable	154	0	83149	
SPL	INVOICE	05/18/2021	I-2	Sales Income	154	0.0	83149	0.06	0.0	
ENDTRNS	
TRNS	INVOICE	05/18/2021	Truck: 1543	Accounts Receivable	154	0	83150	
SPL	INVOICE	05/18/2021	H2	Sales Income	154	0.0	83150	0.14	0.0	
ENDTRNS	
TRNS	INVOICE	05/18/2021	Truck: 182	Accounts Receivable	182	0	83151	
SPL	INVOICE	05/18/2021	DC	Sales Income	182	0.0	83151	0.34	0.0	
ENDTRNS	
TRNS	INVOICE	05/18/2021	Truck: Co H 3	Accounts Receivable	154	0	83152	
SPL	INVOICE	05/18/2021	I-2	Sales Income	154	0.0	83152	0.14	0.0	
ENDTRNS	
TRNS	INVOICE	05/18/2021	Truck: 1547	Accounts Receivable	154	0	83153	
SPL	INVOICE	05/18/2021	W-1 (White Goods )	Sales Income	154	0.0	83153	0.2	0.0	
ENDTRNS	
TRNS	INVOICE	05/18/2021	Truck: 456	Accounts Receivable	456	13.22	83154	
SPL	INVOICE	05/18/2021	H1	Sales Income	456	-13.22	83154	0.29	45.59	
ENDTRNS	
TRNS	INVOICE	05/18/2021	Truck: 154burg	Accounts Receivable	154	0	83155	
SPL	INVOICE	05/18/2021	H2	Sales Income	154	0.0	83155	0.2	0.0	
ENDTRNS	
TRNS	INVOICE	05/18/2021	Truck: 1904	Accounts Receivable	162	0	83156	
SPL	INVOICE	05/18/2021	H-2	Sales Income	162	0.0	83156	8.16	0.0	
ENDTRNS	
TRNS	INVOICE	05/18/2021	Truck: 154	Accounts Receivable	154	0	83157	
SPL	INVOICE	05/18/2021	H-2	Sales Income	154	0.0	83157	0.14	0.0	
ENDTRNS	
TRNS	INVOICE	05/18/2021	Truck: davis	Accounts Receivable	154	18.7	83158	
SPL	INVOICE	05/18/2021	DC	Sales Income	154	-18.7	83158	0.41	45.61	
ENDTRNS	
TRNS	INVOICE	05/18/2021	Truck: 1542	Accounts Receivable	154	0	83159	
SPL	INVOICE	05/18/2021	I-2	Sales Income	154	0.0	83159	2.89	0.0	
ENDTRNS	
TRNS	INVOICE	05/18/2021	Truck: 182	Accounts Receivable	182	46.06	83160	
SPL	INVOICE	05/18/2021	DC	Sales Income	182	-46.06	83160	1.01	45.6	
ENDTRNS	
TRNS	INVOICE	05/18/2021	Truck: 154	Accounts Receivable	154	0	83161	
SPL	INVOICE	05/18/2021	H-2	Sales Income	154	0.0	83161	0.44	0.0	
ENDTRNS	
TRNS	INVOICE	05/18/2021	Truck: 1895	Accounts Receivable	173	0	83162	
SPL	INVOICE	05/18/2021	H-3	Sales Income	173	0.0	83162	23.34	0.0	
ENDTRNS	
TRNS	INVOICE	05/18/2021	Truck: 182red	Accounts Receivable	182	22.34	83163	
SPL	INVOICE	05/18/2021	DC	Sales Income	182	-22.34	83163	0.49	45.59	
ENDTRNS	
TRNS	INVOICE	05/18/2021	Truck: 154	Accounts Receivable	154	0	83164	
SPL	INVOICE	05/18/2021	I-2	Sales Income	154	0.0	83164	1.18	0.0	
ENDTRNS	
TRNS	INVOICE	05/18/2021	Truck: 154red	Accounts Receivable	154	0	83165	
SPL	INVOICE	05/18/2021	H2	Sales Income	154	0.0	83165	0.11	0.0	
ENDTRNS	
TRNS	INVOICE	05/18/2021	Truck: 1233	Accounts Receivable	154	0	83166	
SPL	INVOICE	05/18/2021	H2	Sales Income	154	0.0	83166	0.12	0.0	
ENDTRNS	
TRNS	INVOICE	05/18/2021	Truck: 1907	Accounts Receivable	162	0	83167	
SPL	INVOICE	05/18/2021	H-2	Sales Income	162	0.0	83167	8.79	0.0	
ENDTRNS	
TRNS	INVOICE	05/18/2021	Truck: Renee 2	Accounts Receivable	194	11.4	83168	
SPL	INVOICE	05/18/2021	H1	Sales Income	194	-11.4	83168	0.25	45.6	
ENDTRNS	
TRNS	INVOICE	05/19/2021	Truck: 1223	Accounts Receivable	154	0	83169	
SPL	INVOICE	05/19/2021	H2	Sales Income	154	0.0	83169	22.1	0.0	
ENDTRNS	
TRNS	INVOICE	05/18/2021	Truck: 154	Accounts Receivable	154	0	83170	
SPL	INVOICE	05/18/2021	I-2	Sales Income	154	0.0	83170	0.1	0.0	
ENDTRNS	
TRNS	INVOICE	05/18/2021	Truck: 1904	Accounts Receivable	162	0	83171	
SPL	INVOICE	05/18/2021	H-2	Sales Income	162	0.0	83171	2.98	0.0	
ENDTRNS	
TRNS	INVOICE	05/18/2021	Truck: 1906	Accounts Receivable	162	0	83172	
SPL	INVOICE	05/18/2021	H-2	Sales Income	162	0.0	83172	17.6	0.0	
ENDTRNS	
TRNS	INVOICE	05/18/2021	Truck: 154red	Accounts Receivable	154	0	83173	
SPL	INVOICE	05/18/2021	I-2	Sales Income	154	0.0	83173	0.04	0.0	
ENDTRNS	
TRNS	INVOICE	05/18/2021	Truck: 1903	Accounts Receivable	162	0	83174	
SPL	INVOICE	05/18/2021	H-2	Sales Income	162	0.0	83174	9.56	0.0	
ENDTRNS	
TRNS	INVOICE	05/18/2021	Truck: 154tan	Accounts Receivable	154	0	83175	
SPL	INVOICE	05/18/2021	I-2	Sales Income	154	0.0	83175	0.91	0.0	
ENDTRNS	
TRNS	INVOICE	05/18/2021	Truck: 1547	Accounts Receivable	154	0	83176	
SPL	INVOICE	05/18/2021	H2	Sales Income	154	0.0	83176	0.2	0.0	
ENDTRNS	
TRNS	INVOICE	05/18/2021	Truck: 154jee	Accounts Receivable	154	0	83177	
SPL	INVOICE	05/18/2021	I-2	Sales Income	154	0.0	83177	0.07	0.0	
ENDTRNS	
TRNS	INVOICE	05/18/2021	Truck: 154	Accounts Receivable	154	0	83178	
SPL	INVOICE	05/18/2021	H-2	Sales Income	154	0.0	83178	0.37	0.0	
ENDTRNS	
TRNS	INVOICE	05/18/2021	Truck: 1895	Accounts Receivable	173	0	83179	
SPL	INVOICE	05/18/2021	H-3	Sales Income	173	0.0	83179	29.84	0.0	
ENDTRNS	
TRNS	INVOICE	05/19/2021	Truck: 1001calcom	Accounts Receivable	240	98.5	83180	
SPL	INVOICE	05/19/2021	H1	Sales Income	240	-98.5	83180	2.16	45.6	
ENDTRNS	
TRNS	INVOICE	05/19/2021	Truck: 154	Accounts Receivable	154	0	83181	
SPL	INVOICE	05/19/2021	H-2	Sales Income	154	0.0	83181	4.99	0.0	
ENDTRNS	
TRNS	INVOICE	05/19/2021	Truck: 182	Accounts Receivable	182	587.33	83182	
SPL	INVOICE	05/19/2021	DC	Sales Income	182	-587.33	83182	12.88	45.6	
ENDTRNS	
TRNS	INVOICE	05/19/2021	Truck: 405-1489	Accounts Receivable	150	0	83183	
SPL	INVOICE	05/19/2021	I-2	Sales Income	150	0.0	83183	0.63	0.0	
ENDTRNS	
TRNS	INVOICE	05/19/2021	Truck: 1934	Accounts Receivable	173	0	83184	
SPL	INVOICE	05/19/2021	H-3	Sales Income	173	0.0	83184	0.7	0.0	
ENDTRNS	
TRNS	INVOICE	05/19/2021	Truck: 182	Accounts Receivable	182	15.5	83185	
SPL	INVOICE	05/19/2021	DC	Sales Income	182	-15.5	83185	0.34	45.59	
ENDTRNS	
TRNS	INVOICE	05/19/2021	Truck: 04	Accounts Receivable	154	0	83186	
SPL	INVOICE	05/19/2021	I-2	Sales Income	154	0.0	83186	2.79	0.0	
ENDTRNS	
TRNS	INVOICE	05/19/2021	Truck: 1636-24	Accounts Receivable	164	0	83187	
SPL	INVOICE	05/19/2021	I-2	Sales Income	164	0.0	83187	8.66	0.0	
ENDTRNS	
TRNS	INVOICE	05/19/2021	Truck: bradshaw	Accounts Receivable	154	49.7	83188	
SPL	INVOICE	05/19/2021	DC	Sales Income	154	-49.7	83188	1.09	45.6	
ENDTRNS	
TRNS	INVOICE	05/19/2021	Truck: 1542	Accounts Receivable	154	0	83189	
SPL	INVOICE	05/19/2021	H2	Sales Income	154	0.0	83189	0.07	0.0	
ENDTRNS	
TRNS	INVOICE	05/19/2021	Truck: 1543	Accounts Receivable	154	0	83190	
SPL	INVOICE	05/19/2021	I-2	Sales Income	154	0.0	83190	0.12	0.0	
ENDTRNS	
TRNS	INVOICE	05/19/2021	Truck: jeff	Accounts Receivable	182	26.9	83191	
SPL	INVOICE	05/19/2021	DC	Sales Income	182	-26.9	83191	0.59	45.59	
ENDTRNS	
TRNS	INVOICE	05/19/2021	Truck: 1934	Accounts Receivable	173	0	83192	
SPL	INVOICE	05/19/2021	H-3	Sales Income	173	0.0	83192	33.69	0.0	
ENDTRNS	
TRNS	INVOICE	05/19/2021	Truck: 1547	Accounts Receivable	154	0	83193	
SPL	INVOICE	05/19/2021	H2	Sales Income	154	0.0	83193	0.41	0.0	
ENDTRNS	
TRNS	INVOICE	05/19/2021	Truck: Sammy	Accounts Receivable	154	0	83194	
SPL	INVOICE	05/19/2021	W-1 (White Goods )	Sales Income	154	0.0	83194	0.13	0.0	
ENDTRNS	
TRNS	INVOICE	05/19/2021	Truck: 1001calcom	Accounts Receivable	240	9.12	83195	
SPL	INVOICE	05/19/2021	H1	Sales Income	240	-9.12	83195	0.2	45.6	
ENDTRNS	
TRNS	INVOICE	05/19/2021	Truck: Rowe	Accounts Receivable	182	107.62	83196	
SPL	INVOICE	05/19/2021	DC	Sales Income	182	-107.62	83196	2.36	45.6	
ENDTRNS	
TRNS	INVOICE	05/19/2021	Truck: Car	Accounts Receivable	154	0	83197	
SPL	INVOICE	05/19/2021	I-2	Sales Income	154	0.0	83197	0.18	0.0	
ENDTRNS	
TRNS	INVOICE	05/19/2021	Truck: 1547	Accounts Receivable	154	0	83198	
SPL	INVOICE	05/19/2021	I-2	Sales Income	154	0.0	83198	0.06	0.0	
ENDTRNS	
TRNS	INVOICE	05/19/2021	Truck: 182	Accounts Receivable	114	71.14	83199	
SPL	INVOICE	05/19/2021	DC	Sales Income	114	-71.14	83199	1.56	45.6	
ENDTRNS	
TRNS	INVOICE	05/19/2021	Truck: hubbard	Accounts Receivable	182	36.02	83200	
SPL	INVOICE	05/19/2021	DC	Sales Income	182	-36.02	83200	0.79	45.59	
ENDTRNS	
TRNS	INVOICE	05/19/2021	Truck: 1636-24	Accounts Receivable	164	0	83201	
SPL	INVOICE	05/19/2021	I-2	Sales Income	164	0.0	83201	10.24	0.0	
ENDTRNS	
TRNS	INVOICE	05/19/2021	Truck: Sammy	Accounts Receivable	154	0	83202	
SPL	INVOICE	05/19/2021	H2	Sales Income	154	0.0	83202	1.95	0.0	
ENDTRNS	
TRNS	INVOICE	05/19/2021	Truck: bradsha	Accounts Receivable	154	51.07	83203	
SPL	INVOICE	05/19/2021	DC	Sales Income	154	-51.07	83203	1.12	45.6	
ENDTRNS	
TRNS	INVOICE	05/19/2021	Truck: 154whie	Accounts Receivable	154	0	83204	
SPL	INVOICE	05/19/2021	H2	Sales Income	154	0.0	83204	0.16	0.0	
ENDTRNS	
TRNS	INVOICE	05/19/2021	Truck: 154toy	Accounts Receivable	154	0	83205	
SPL	INVOICE	05/19/2021	I-2	Sales Income	154	0.0	83205	0.03	0.0	
ENDTRNS	
TRNS	INVOICE	05/19/2021	Truck: 53199	Accounts Receivable	182	0	83206	
SPL	INVOICE	05/19/2021	Davis son	Sales Income	182	0.0	83206	0.1	0.0	
ENDTRNS	
TRNS	INVOICE	05/19/2021	Truck: 57	Accounts Receivable	154	0	83207	
SPL	INVOICE	05/19/2021	H2	Sales Income	154	0.0	83207	0.49	0.0	
ENDTRNS	
TRNS	INVOICE	05/19/2021	Truck: 154	Accounts Receivable	154	0	83208	
SPL	INVOICE	05/19/2021	I-2	Sales Income	154	0.0	83208	0.39	0.0	
ENDTRNS	
TRNS	INVOICE	05/19/2021	Truck: 1904	Accounts Receivable	162	0	83209	
SPL	INVOICE	05/19/2021	H-2	Sales Income	162	0.0	83209	8.28	0.0	
ENDTRNS	
TRNS	INVOICE	05/19/2021	Truck: 1548	Accounts Receivable	154	0	83210	
SPL	INVOICE	05/19/2021	H2	Sales Income	154	0.0	83210	2.04	0.0	
ENDTRNS	
TRNS	INVOICE	05/19/2021	Truck: 1906	Accounts Receivable	162	0	83211	
SPL	INVOICE	05/19/2021	H-2	Sales Income	162	0.0	83211	7.51	0.0	
ENDTRNS	
TRNS	INVOICE	05/19/2021	Truck: 154	Accounts Receivable	154	0	83212	
SPL	INVOICE	05/19/2021	I-2	Sales Income	154	0.0	83212	0.9	0.0	
ENDTRNS	
TRNS	INVOICE	05/19/2021	Truck: 1548	Accounts Receivable	154	0	83213	
SPL	INVOICE	05/19/2021	H2	Sales Income	154	0.0	83213	0.26	0.0	
ENDTRNS	
TRNS	INVOICE	05/19/2021	Truck: 1934	Accounts Receivable	173	0	83214	
SPL	INVOICE	05/19/2021	H-3	Sales Income	173	0.0	83214	24.71	0.0	
ENDTRNS	
TRNS	INVOICE	05/19/2021	Truck: Singles	Accounts Receivable	182	108.53	83215	
SPL	INVOICE	05/19/2021	DC	Sales Income	182	-108.53	83215	2.38	45.6	
ENDTRNS	
TRNS	INVOICE	05/19/2021	Truck: 1543	Accounts Receivable	154	0	83216	
SPL	INVOICE	05/19/2021	H2	Sales Income	154	0.0	83216	1.18	0.0	
ENDTRNS	
TRNS	INVOICE	05/19/2021	Truck: 1636-24	Accounts Receivable	164	0	83217	
SPL	INVOICE	05/19/2021	I-2	Sales Income	164	0.0	83217	5.32	0.0	
ENDTRNS	
TRNS	INVOICE	05/19/2021	Truck: 154ref	Accounts Receivable	154	0	83218	
SPL	INVOICE	05/19/2021	H2	Sales Income	154	0.0	83218	0.06	0.0	
ENDTRNS	
TRNS	INVOICE	05/19/2021	Truck: 154	Accounts Receivable	154	0	83219	
SPL	INVOICE	05/19/2021	H-2	Sales Income	154	0.0	83219	0.09	0.0	
ENDTRNS	
TRNS	INVOICE	05/19/2021	Truck: 1548	Accounts Receivable	154	0	83220	
SPL	INVOICE	05/19/2021	H2	Sales Income	154	0.0	83220	0.41	0.0	
ENDTRNS	
TRNS	INVOICE	05/19/2021	Truck: 1907	Accounts Receivable	162	0	83221	
SPL	INVOICE	05/19/2021	H-2	Sales Income	162	0.0	83221	7.99	0.0	
ENDTRNS	
TRNS	INVOICE	05/19/2021	Truck: 154	Accounts Receivable	154	0	83222	
SPL	INVOICE	05/19/2021	H-2	Sales Income	154	0.0	83222	0.19	0.0	
ENDTRNS	
TRNS	INVOICE	05/19/2021	Truck: 182980	Accounts Receivable	182	47.42	83223	
SPL	INVOICE	05/19/2021	DC	Sales Income	182	-47.42	83223	1.04	45.6	
ENDTRNS	
TRNS	INVOICE	05/19/2021	Truck: 1923	Accounts Receivable	162	0	83224	
SPL	INVOICE	05/19/2021	H-2	Sales Income	162	0.0	83224	12.39	0.0	
ENDTRNS	
TRNS	INVOICE	05/19/2021	Truck: 1636-24	Accounts Receivable	164	0	83225	
SPL	INVOICE	05/19/2021	I-2	Sales Income	164	0.0	83225	6.24	0.0	
ENDTRNS	
TRNS	INVOICE	05/19/2021	Truck: 1903	Accounts Receivable	162	0	83226	
SPL	INVOICE	05/19/2021	H-2	Sales Income	162	0.0	83226	9.29	0.0	
ENDTRNS	
TRNS	INVOICE	05/19/2021	Truck: 154	Accounts Receivable	154	0	83227	
SPL	INVOICE	05/19/2021	I-2	Sales Income	154	0.0	83227	3.24	0.0	
ENDTRNS	
TRNS	INVOICE	05/19/2021	Truck: 1549	Accounts Receivable	154	0	83228	
SPL	INVOICE	05/19/2021	H2	Sales Income	154	0.0	83228	0.81	0.0	
ENDTRNS	
TRNS	INVOICE	05/19/2021	Truck: 1904	Accounts Receivable	162	0	83229	
SPL	INVOICE	05/19/2021	H-2	Sales Income	162	0.0	83229	2.41	0.0	
ENDTRNS	
TRNS	INVOICE	05/19/2021	Truck: 182	Accounts Receivable	182	134.52	83230	
SPL	INVOICE	05/19/2021	DC	Sales Income	182	-134.52	83230	2.95	45.6	
ENDTRNS	
TRNS	INVOICE	05/19/2021	Truck: 1626-22	Accounts Receivable	164	0	83231	
SPL	INVOICE	05/19/2021	I-2	Sales Income	164	0.0	83231	12.43	0.0	
ENDTRNS	
TRNS	INVOICE	05/19/2021	Truck: 182291	Accounts Receivable	154	41.04	83232	
SPL	INVOICE	05/19/2021	DC	Sales Income	154	-41.04	83232	0.9	45.6	
ENDTRNS	
TRNS	INVOICE	05/20/2021	Truck: 33154	Accounts Receivable	154	0	83233	
SPL	INVOICE	05/20/2021	H2	Sales Income	154	0.0	83233	2.03	0.0	
ENDTRNS	
TRNS	INVOICE	05/19/2021	Truck: 182red	Accounts Receivable	154	0	83234	
SPL	INVOICE	05/19/2021	H2	Sales Income	154	0.0	83234	0.12	0.0	
ENDTRNS	
TRNS	INVOICE	05/19/2021	Truck: 1934	Accounts Receivable	173	0	83235	
SPL	INVOICE	05/19/2021	H-3	Sales Income	173	0.0	83235	31.75	0.0	
ENDTRNS	
TRNS	INVOICE	05/20/2021	Truck: 1934	Accounts Receivable	173	0	83236	
SPL	INVOICE	05/20/2021	H-3	Sales Income	173	0.0	83236	31.88	0.0	
ENDTRNS	
TRNS	INVOICE	05/20/2021	Truck: 1921-O	Accounts Receivable	162	0	83237	
SPL	INVOICE	05/20/2021	H-2	Sales Income	162	0.0	83237	4.99	0.0	
ENDTRNS	
TRNS	INVOICE	05/20/2021	Truck: 405-1489	Accounts Receivable	150	0	83238	
SPL	INVOICE	05/20/2021	I-2	Sales Income	150	0.0	83238	0.86	0.0	
ENDTRNS	
TRNS	INVOICE	05/20/2021	Truck: 1001JCGCOM	Accounts Receivable	240	157.21	83239	
SPL	INVOICE	05/20/2021	H1	Sales Income	240	-157.21	83239	3.4475	45.6	
ENDTRNS	
TRNS	INVOICE	05/20/2021	Truck: 154gold	Accounts Receivable	154	0	83240	
SPL	INVOICE	05/20/2021	H2	Sales Income	154	0.0	83240	0	0.0	
ENDTRNS	
TRNS	INVOICE	05/20/2021	Truck: 1895	Accounts Receivable	173	0	83241	
SPL	INVOICE	05/20/2021	H-3	Sales Income	173	0.0	83241	26.34	0.0	
ENDTRNS	
TRNS	INVOICE	05/20/2021	Truck: 154	Accounts Receivable	154	0	83242	
SPL	INVOICE	05/20/2021	H-2	Sales Income	154	0.0	83242	1.16	0.0	
ENDTRNS	
TRNS	INVOICE	05/20/2021	Truck: 1542	Accounts Receivable	154	0	83243	
SPL	INVOICE	05/20/2021	H2	Sales Income	154	0.0	83243	2.52	0.0	
ENDTRNS	
TRNS	INVOICE	05/20/2021	Truck: igreen	Accounts Receivable	239	144.55	83244	
SPL	INVOICE	05/20/2021	DC	Sales Income	239	-144.55	83244	3.17	45.6	
ENDTRNS	
TRNS	INVOICE	05/20/2021	Truck: 154eep	Accounts Receivable	154	0	83245	
SPL	INVOICE	05/20/2021	I-2	Sales Income	154	0.0	83245	1.83	0.0	
ENDTRNS	
TRNS	INVOICE	05/20/2021	Truck: 182	Accounts Receivable	182	15.05	83246	
SPL	INVOICE	05/20/2021	DC	Sales Income	182	-15.05	83246	0.33	45.61	
ENDTRNS	
TRNS	INVOICE	05/20/2021	Truck: 201	Accounts Receivable	154	14.14	83247	
SPL	INVOICE	05/20/2021	DC	Sales Income	154	-14.14	83247	0.31	45.61	
ENDTRNS	
TRNS	INVOICE	05/20/2021	Truck: lott	Accounts Receivable	182	5.02	83248	
SPL	INVOICE	05/20/2021	DC	Sales Income	182	-5.02	83248	0.11	45.64	
ENDTRNS	
TRNS	INVOICE	05/20/2021	Truck: 154brug	Accounts Receivable	154	0	83249	
SPL	INVOICE	05/20/2021	I-2	Sales Income	154	0.0	83249	0.43	0.0	
ENDTRNS	
TRNS	INVOICE	05/20/2021	Truck: 182	Accounts Receivable	182	16.42	83250	
SPL	INVOICE	05/20/2021	DC	Sales Income	182	-16.42	83250	0.36	45.61	
ENDTRNS	
TRNS	INVOICE	05/20/2021	Truck: 154blaz	Accounts Receivable	154	0	83251	
SPL	INVOICE	05/20/2021	I-2	Sales Income	154	0.0	83251	0.1	0.0	
ENDTRNS	
TRNS	INVOICE	05/20/2021	Truck: Co H 3	Accounts Receivable	154	0	83252	
SPL	INVOICE	05/20/2021	H-2	Sales Income	154	0.0	83252	0.08	0.0	
ENDTRNS	
TRNS	INVOICE	05/20/2021	Truck: 154car	Accounts Receivable	154	0	83253	
SPL	INVOICE	05/20/2021	I-2	Sales Income	154	0.0	83253	0	0.0	
ENDTRNS	
TRNS	INVOICE	05/20/2021	Truck: 154	Accounts Receivable	154	0	83254	
SPL	INVOICE	05/20/2021	H-2	Sales Income	154	0.0	83254	0.09	0.0	
ENDTRNS	
TRNS	INVOICE	05/20/2021	Truck: 154tan	Accounts Receivable	154	0	83255	
SPL	INVOICE	05/20/2021	H2	Sales Income	154	0.0	83255	0.34	0.0	
ENDTRNS	
TRNS	INVOICE	05/20/2021	Truck: 182	Accounts Receivable	182	49.7	83256	
SPL	INVOICE	05/20/2021	DC	Sales Income	182	-49.7	83256	1.09	45.6	
ENDTRNS	
TRNS	INVOICE	05/20/2021	Truck: 1934	Accounts Receivable	173	0	83257	
SPL	INVOICE	05/20/2021	H-3	Sales Income	173	0.0	83257	17.95	0.0	
ENDTRNS	
TRNS	INVOICE	05/20/2021	Truck: 1921-C	Accounts Receivable	162	0	83258	
SPL	INVOICE	05/20/2021	H-2	Sales Income	162	0.0	83258	3.33	0.0	
ENDTRNS	
TRNS	INVOICE	05/20/2021	Truck: 1 2 3	Accounts Receivable	154	0	83259	
SPL	INVOICE	05/20/2021	H-2	Sales Income	154	0.0	83259	4.2	0.0	
ENDTRNS	
TRNS	INVOICE	05/20/2021	Truck: 1822	Accounts Receivable	182	53.35	83260	
SPL	INVOICE	05/20/2021	DC	Sales Income	182	-53.35	83260	1.17	45.6	
ENDTRNS	
TRNS	INVOICE	05/20/2021	Truck: 1827	Accounts Receivable	182	61.1	83261	
SPL	INVOICE	05/20/2021	DC	Sales Income	182	-61.1	83261	1.34	45.6	
ENDTRNS	
TRNS	INVOICE	05/20/2021	Truck: 1895	Accounts Receivable	173	0	83262	
SPL	INVOICE	05/20/2021	H-3	Sales Income	173	0.0	83262	21.08	0.0	
ENDTRNS	
TRNS	INVOICE	05/20/2021	Truck: 154red	Accounts Receivable	154	0	83263	
SPL	INVOICE	05/20/2021	I-2	Sales Income	154	0.0	83263	0.12	0.0	
ENDTRNS	
TRNS	INVOICE	05/20/2021	Truck: 1905	Accounts Receivable	162	0	83264	
SPL	INVOICE	05/20/2021	H-2	Sales Income	162	0.0	83264	6.85	0.0	
ENDTRNS	
TRNS	INVOICE	05/20/2021	Truck: 154	Accounts Receivable	154	0	83265	
SPL	INVOICE	05/20/2021	H-2	Sales Income	154	0.0	83265	0.47	0.0	
ENDTRNS	
TRNS	INVOICE	05/20/2021	Truck: 1906	Accounts Receivable	162	0	83266	
SPL	INVOICE	05/20/2021	H-2	Sales Income	162	0.0	83266	6.51	0.0	
ENDTRNS	
TRNS	INVOICE	05/20/2021	Truck: 1923	Accounts Receivable	162	0	83267	
SPL	INVOICE	05/20/2021	H-2	Sales Income	162	0.0	83267	6.93	0.0	
ENDTRNS	
TRNS	INVOICE	05/20/2021	Truck: 1921-C	Accounts Receivable	162	0	83268	
SPL	INVOICE	05/20/2021	H-2	Sales Income	162	0.0	83268	3.33	0.0	
ENDTRNS	
TRNS	INVOICE	05/20/2021	Truck: 182	Accounts Receivable	182	29.18	83269	
SPL	INVOICE	05/20/2021	DC	Sales Income	182	-29.18	83269	0.64	45.59	
ENDTRNS	
TRNS	INVOICE	05/20/2021	Truck: 1904	Accounts Receivable	162	0	83270	
SPL	INVOICE	05/20/2021	H-2	Sales Income	162	0.0	83270	6.84	0.0	
ENDTRNS	
TRNS	INVOICE	05/20/2021	Truck: 154	Accounts Receivable	154	0	83271	
SPL	INVOICE	05/20/2021	H-2	Sales Income	154	0.0	83271	0.2	0.0	
ENDTRNS	
TRNS	INVOICE	05/21/2021	Truck: 182	Accounts Receivable	182	0	83272	
SPL	INVOICE	05/21/2021	H2	Sales Income	182	0.0	83272	2.27	0.0	
ENDTRNS	
TRNS	INVOICE	05/20/2021	Truck: 2361	Accounts Receivable	173	0	83273	
SPL	INVOICE	05/20/2021	H-3	Sales Income	173	0.0	83273	10	0.0	
ENDTRNS	
TRNS	INVOICE	05/20/2021	Truck: Renee 2	Accounts Receivable	194	11.86	83274	
SPL	INVOICE	05/20/2021	H1	Sales Income	194	-11.86	83274	0.26	45.62	
ENDTRNS	
TRNS	INVOICE	05/20/2021	Truck: 1921-C	Accounts Receivable	162	0	83275	
SPL	INVOICE	05/20/2021	H-2	Sales Income	162	0.0	83275	5.44	0.0	
ENDTRNS	
TRNS	INVOICE	05/20/2021	Truck: 154	Accounts Receivable	154	0	83276	
SPL	INVOICE	05/20/2021	H-2	Sales Income	154	0.0	83276	0.99	0.0	
ENDTRNS	
TRNS	INVOICE	05/21/2021	Truck: 1001calcom	Accounts Receivable	240	119.47	83277	
SPL	INVOICE	05/21/2021	DC	Sales Income	240	-119.47	83277	2.62	45.6	
ENDTRNS	
TRNS	INVOICE	05/21/2021	Truck: 154	Accounts Receivable	154	0	83278	
SPL	INVOICE	05/21/2021	H-2	Sales Income	154	0.0	83278	0.34	0.0	
ENDTRNS	
TRNS	INVOICE	05/21/2021	Truck: jeep	Accounts Receivable	154	0	83279	
SPL	INVOICE	05/21/2021	H2	Sales Income	154	0.0	83279	0.08	0.0	
ENDTRNS	
TRNS	INVOICE	05/21/2021	Truck: emfimger	Accounts Receivable	182	17.78	83280	
SPL	INVOICE	05/21/2021	DC	Sales Income	182	-17.78	83280	0.39	45.59	
ENDTRNS	
TRNS	INVOICE	05/21/2021	Truck: Chris	Accounts Receivable	182	143.64	83281	
SPL	INVOICE	05/21/2021	DC	Sales Income	182	-143.64	83281	3.15	45.6	
ENDTRNS	
TRNS	INVOICE	05/21/2021	Truck: 1921-C	Accounts Receivable	162	0	83282	
SPL	INVOICE	05/21/2021	AP 2	Sales Income	162	0.0	83282	3.18	0.0	
ENDTRNS	
TRNS	INVOICE	05/21/2021	Truck: 20189	Accounts Receivable	154	0	83283	
SPL	INVOICE	05/21/2021	H2	Sales Income	154	0.0	83283	1	0.0	
ENDTRNS	
TRNS	INVOICE	05/21/2021	Truck: 1895	Accounts Receivable	173	0	83284	
SPL	INVOICE	05/21/2021	H-3	Sales Income	173	0.0	83284	23.5	0.0	
ENDTRNS	
TRNS	INVOICE	05/21/2021	Truck: 154red	Accounts Receivable	154	0	83285	
SPL	INVOICE	05/21/2021	I-2	Sales Income	154	0.0	83285	0.67	0.0	
ENDTRNS	
TRNS	INVOICE	05/21/2021	Truck: 154	Accounts Receivable	154	0	83286	
SPL	INVOICE	05/21/2021	H-2	Sales Income	154	0.0	83286	0.14	0.0	
ENDTRNS	
TRNS	INVOICE	05/21/2021	Truck: 154trk	Accounts Receivable	154	0	83287	
SPL	INVOICE	05/21/2021	I-2	Sales Income	154	0.0	83287	0.7	0.0	
ENDTRNS	
TRNS	INVOICE	05/21/2021	Truck: 154gren	Accounts Receivable	154	0	83288	
SPL	INVOICE	05/21/2021	I-2	Sales Income	154	0.0	83288	1.76	0.0	
ENDTRNS	
TRNS	INVOICE	05/21/2021	Truck: 154whit	Accounts Receivable	154	0	83289	
SPL	INVOICE	05/21/2021	I-2	Sales Income	154	0.0	83289	3.59	0.0	
ENDTRNS	
TRNS	INVOICE	05/21/2021	Truck: 74	Accounts Receivable	154	0	83290	
SPL	INVOICE	05/21/2021	H2	Sales Income	154	0.0	83290	0.08	0.0	
ENDTRNS	
TRNS	INVOICE	05/21/2021	Truck: 154	Accounts Receivable	154	0	83291	
SPL	INVOICE	05/21/2021	H-2	Sales Income	154	0.0	83291	0.12	0.0	
ENDTRNS	
TRNS	INVOICE	05/21/2021	Truck: 1001calcom	Accounts Receivable	240	53.81	83292	
SPL	INVOICE	05/21/2021	H1	Sales Income	240	-53.81	83292	1.18	45.6	
ENDTRNS	
TRNS	INVOICE	05/21/2021	Truck: 1921-C	Accounts Receivable	162	0	83293	
SPL	INVOICE	05/21/2021	H-2	Sales Income	162	0.0	83293	6.53	0.0	
ENDTRNS	
TRNS	INVOICE	05/21/2021	Truck: 182	Accounts Receivable	182	17.78	83294	
SPL	INVOICE	05/21/2021	DC	Sales Income	182	-17.78	83294	0.39	45.59	
ENDTRNS	
TRNS	INVOICE	05/21/2021	Truck: Co H 3	Accounts Receivable	154	0	83295	
SPL	INVOICE	05/21/2021	H-2	Sales Income	154	0.0	83295	0.06	0.0	
ENDTRNS	
TRNS	INVOICE	05/21/2021	Truck: 154red	Accounts Receivable	154	0	83296	
SPL	INVOICE	05/21/2021	H2	Sales Income	154	0.0	83296	0.1	0.0	
ENDTRNS	
TRNS	INVOICE	05/21/2021	Truck: 1921-O	Accounts Receivable	162	0	83297	
SPL	INVOICE	05/21/2021	H-2	Sales Income	162	0.0	83297	2.61	0.0	
ENDTRNS	
TRNS	INVOICE	05/21/2021	Truck: 1822	Accounts Receivable	182	0	83298	
SPL	INVOICE	05/21/2021	H2	Sales Income	182	0.0	83298	1.23	0.0	
ENDTRNS	
TRNS	INVOICE	05/21/2021	Truck: 154	Accounts Receivable	154	0	83299	
SPL	INVOICE	05/21/2021	H-2	Sales Income	154	0.0	83299	3.29	0.0	
ENDTRNS	
TRNS	INVOICE	05/21/2021	Truck: 1825	Accounts Receivable	182	4.56	83300	
SPL	INVOICE	05/21/2021	DC	Sales Income	182	-4.56	83300	0.1	45.6	
ENDTRNS	
TRNS	INVOICE	05/21/2021	Truck: Renee 2	Accounts Receivable	194	5.47	83301	
SPL	INVOICE	05/21/2021	H1	Sales Income	194	-5.47	83301	0.12	45.58	
ENDTRNS	
TRNS	INVOICE	05/21/2021	Truck: 154	Accounts Receivable	154	0	83302	
SPL	INVOICE	05/21/2021	H-2	Sales Income	154	0.0	83302	0.2	0.0	
ENDTRNS	
TRNS	INVOICE	05/21/2021	Truck: ABC	Accounts Receivable	243	0	83303	
SPL	INVOICE	05/21/2021	H-4	Sales Income	243	0.0	83303	6.32	0.0	
ENDTRNS	
TRNS	INVOICE	05/21/2021	Truck: Rowe	Accounts Receivable	182	42.86	83304	
SPL	INVOICE	05/21/2021	DC	Sales Income	182	-42.86	83304	0.94	45.6	
ENDTRNS	
TRNS	INVOICE	05/21/2021	Truck: 1895	Accounts Receivable	173	0	83305	
SPL	INVOICE	05/21/2021	H-3	Sales Income	173	0.0	83305	20.5	0.0	
ENDTRNS	
TRNS	INVOICE	05/21/2021	Truck: 1904	Accounts Receivable	162	0	83306	
SPL	INVOICE	05/21/2021	H-2	Sales Income	162	0.0	83306	8.42	0.0	
ENDTRNS	
TRNS	INVOICE	05/21/2021	Truck: 182	Accounts Receivable	182	145.46	83307	
SPL	INVOICE	05/21/2021	DC	Sales Income	182	-145.46	83307	3.19	45.6	
ENDTRNS	
TRNS	INVOICE	05/21/2021	Truck: 1907	Accounts Receivable	162	0	83308	
SPL	INVOICE	05/21/2021	H-2	Sales Income	162	0.0	83308	8.8	0.0	
ENDTRNS	
TRNS	INVOICE	05/21/2021	Truck: 1923	Accounts Receivable	162	0	83309	
SPL	INVOICE	05/21/2021	H-2	Sales Income	162	0.0	83309	8.15	0.0	
ENDTRNS	
TRNS	INVOICE	05/21/2021	Truck: 154	Accounts Receivable	154	0	83310	
SPL	INVOICE	05/21/2021	H-2	Sales Income	154	0.0	83310	0.17	0.0	
ENDTRNS	
TRNS	INVOICE	05/21/2021	Truck: 1905	Accounts Receivable	162	0	83311	
SPL	INVOICE	05/21/2021	H-2	Sales Income	162	0.0	83311	7.16	0.0	
ENDTRNS	
TRNS	INVOICE	05/21/2021	Truck: 154	Accounts Receivable	154	0	83312	
SPL	INVOICE	05/21/2021	I-2	Sales Income	154	0.0	83312	1.41	0.0	
ENDTRNS	
TRNS	INVOICE	05/21/2021	Truck: 214	Accounts Receivable	154	65.21	83313	
SPL	INVOICE	05/21/2021	H1	Sales Income	154	-65.21	83313	1.43	45.6	
ENDTRNS	
TRNS	INVOICE	05/21/2021	Truck: 1921-C	Accounts Receivable	162	0	83314	
SPL	INVOICE	05/21/2021	H-2	Sales Income	162	0.0	83314	2.93	0.0	
ENDTRNS	
TRNS	INVOICE	05/21/2021	Truck: 1416	Accounts Receivable	154	0	83315	
SPL	INVOICE	05/21/2021	I-2	Sales Income	154	0.0	83315	6.15	0.0	
ENDTRNS	
TRNS	INVOICE	05/21/2021	Truck: 182	Accounts Receivable	182	33.29	83316	
SPL	INVOICE	05/21/2021	DC	Sales Income	182	-33.29	83316	0.73	45.6	
ENDTRNS	
TRNS	INVOICE	05/21/2021	Truck: 154blu	Accounts Receivable	154	0	83317	
SPL	INVOICE	05/21/2021	H2	Sales Income	154	0.0	83317	0.05	0.0	
ENDTRNS	
TRNS	INVOICE	05/21/2021	Truck: 154	Accounts Receivable	154	0	83318	
SPL	INVOICE	05/21/2021	H-2	Sales Income	154	0.0	83318	0.13	0.0	
ENDTRNS	
TRNS	INVOICE	05/21/2021	Truck: 191922	Accounts Receivable	182	10.49	83319	
SPL	INVOICE	05/21/2021	DC	Sales Income	182	-10.49	83319	0.23	45.61	
ENDTRNS	
TRNS	INVOICE	05/21/2021	Truck: jeep	Accounts Receivable	154	0	83320	
SPL	INVOICE	05/21/2021	H2	Sales Income	154	0.0	83320	0.09	0.0	
ENDTRNS	
TRNS	INVOICE	05/21/2021	Truck: 182ww	Accounts Receivable	182	18.24	83321	
SPL	INVOICE	05/21/2021	DC	Sales Income	182	-18.24	83321	0.4	45.6	
ENDTRNS	
TRNS	INVOICE	05/21/2021	Truck: 1895	Accounts Receivable	173	0	83322	
SPL	INVOICE	05/21/2021	H-3	Sales Income	173	0.0	83322	28.17	0.0	
ENDTRNS	
TRNS	INVOICE	05/21/2021	Truck: 238	Accounts Receivable	238	205.66	83323	
SPL	INVOICE	05/21/2021	DC	Sales Income	238	-205.66	83323	4.51	45.6	
ENDTRNS	
TRNS	INVOICE	05/21/2021	Truck: 182	Accounts Receivable	182	5.47	83324	
SPL	INVOICE	05/21/2021	DC	Sales Income	182	-5.47	83324	0.12	45.58	
ENDTRNS	
TRNS	INVOICE	05/21/2021	Truck: 1906	Accounts Receivable	162	0	83325	
SPL	INVOICE	05/21/2021	H-2	Sales Income	162	0.0	83325	9.09	0.0	
ENDTRNS	
TRNS	INVOICE	05/22/2021	Truck: jeef	Accounts Receivable	154	0	83326	
SPL	INVOICE	05/22/2021	H2	Sales Income	154	0.0	83326	0.12	0.0	
ENDTRNS	
TRNS	INVOICE	05/22/2021	Truck: 154	Accounts Receivable	154	0	83327	
SPL	INVOICE	05/22/2021	W-1 (White Goods )	Sales Income	154	0.0	83327	0.27	0.0	
ENDTRNS	
TRNS	INVOICE	05/22/2021	Truck: 154	Accounts Receivable	154	0	83328	
SPL	INVOICE	05/22/2021	I-2	Sales Income	154	0.0	83328	0.08	0.0	
ENDTRNS	
TRNS	INVOICE	05/22/2021	Truck: 182	Accounts Receivable	182	36.48	83329	
SPL	INVOICE	05/22/2021	DC	Sales Income	182	-36.48	83329	0.8	45.6	
ENDTRNS	
TRNS	INVOICE	05/22/2021	Truck: 1547	Accounts Receivable	154	0	83330	
SPL	INVOICE	05/22/2021	H2	Sales Income	154	0.0	83330	0.34	0.0	
ENDTRNS	
TRNS	INVOICE	05/22/2021	Truck: 1548	Accounts Receivable	154	0	83331	
SPL	INVOICE	05/22/2021	I-2	Sales Income	154	0.0	83331	0.4	0.0	
ENDTRNS	
TRNS	INVOICE	05/22/2021	Truck: 131154	Accounts Receivable	154	0	83332	
SPL	INVOICE	05/22/2021	H2	Sales Income	154	0.0	83332	0.32	0.0	
ENDTRNS	
TRNS	INVOICE	05/22/2021	Truck: Roew	Accounts Receivable	154	0	83333	
SPL	INVOICE	05/22/2021	H2	Sales Income	154	0.0	83333	0.75	0.0	
ENDTRNS	
TRNS	INVOICE	05/22/2021	Truck: 154	Accounts Receivable	154	0	83334	
SPL	INVOICE	05/22/2021	H-2	Sales Income	154	0.0	83334	0.1	0.0	
ENDTRNS	
TRNS	INVOICE	05/22/2021	Truck: 154red	Accounts Receivable	154	0	83335	
SPL	INVOICE	05/22/2021	H2	Sales Income	154	0.0	83335	0.1	0.0	
ENDTRNS	
TRNS	INVOICE	05/22/2021	Truck: dog	Accounts Receivable	154	0	83336	
SPL	INVOICE	05/22/2021	H2	Sales Income	154	0.0	83336	0.05	0.0	
ENDTRNS	
TRNS	INVOICE	05/22/2021	Truck: 154	Accounts Receivable	154	0	83337	
SPL	INVOICE	05/22/2021	H-2	Sales Income	154	0.0	83337	0.25	0.0	
ENDTRNS	
TRNS	INVOICE	05/22/2021	Truck: 1542	Accounts Receivable	154	0	83338	
SPL	INVOICE	05/22/2021	I-2	Sales Income	154	0.0	83338	0.41	0.0	
ENDTRNS	
TRNS	INVOICE	05/22/2021	Truck: 154toy	Accounts Receivable	154	0	83339	
SPL	INVOICE	05/22/2021	H2	Sales Income	154	0.0	83339	0.05	0.0	
ENDTRNS	
TRNS	INVOICE	05/22/2021	Truck: 182	Accounts Receivable	182	8.21	83340	
SPL	INVOICE	05/22/2021	DC	Sales Income	182	-8.21	83340	0.18	45.61	
ENDTRNS	
TRNS	INVOICE	05/22/2021	Truck: 154vam	Accounts Receivable	154	0	83341	
SPL	INVOICE	05/22/2021	H2	Sales Income	154	0.0	83341	0.05	0.0	
ENDTRNS	
TRNS	INVOICE	05/22/2021	Truck: 1542	Accounts Receivable	154	0	83342	
SPL	INVOICE	05/22/2021	I-2	Sales Income	154	0.0	83342	0.23	0.0	
ENDTRNS	
TRNS	INVOICE	05/22/2021	Truck: 154mulch	Accounts Receivable	154	0	83343	
SPL	INVOICE	05/22/2021	I-2	Sales Income	154	0.0	83343	0.2	0.0	
ENDTRNS	
TRNS	INVOICE	05/22/2021	Truck: 182	Accounts Receivable	182	0	83344	
SPL	INVOICE	05/22/2021	H2	Sales Income	182	0.0	83344	0.27	0.0	
ENDTRNS	
TRNS	INVOICE	05/22/2021	Truck: 154red	Accounts Receivable	154	0	83345	
SPL	INVOICE	05/22/2021	I-2	Sales Income	154	0.0	83345	0.09	0.0	
ENDTRNS	
TRNS	INVOICE	05/22/2021	Truck: 154ram	Accounts Receivable	154	0	83346	
SPL	INVOICE	05/22/2021	H2	Sales Income	154	0.0	83346	0.06	0.0	
ENDTRNS	
TRNS	INVOICE	05/22/2021	Truck: 182kst	Accounts Receivable	182	0	83347	
SPL	INVOICE	05/22/2021	H2	Sales Income	182	0.0	83347	0.16	0.0	
ENDTRNS	
TRNS	INVOICE	05/22/2021	Truck: 15478	Accounts Receivable	154	0	83348	
SPL	INVOICE	05/22/2021	I-2	Sales Income	154	0.0	83348	1.26	0.0	
ENDTRNS	
TRNS	INVOICE	05/22/2021	Truck: 86154	Accounts Receivable	154	0	83349	
SPL	INVOICE	05/22/2021	H2	Sales Income	154	0.0	83349	0.2	0.0	
ENDTRNS	
TRNS	INVOICE	05/22/2021	Truck: 154cou	Accounts Receivable	154	0	83350	
SPL	INVOICE	05/22/2021	I-2	Sales Income	154	0.0	83350	0.23	0.0	
ENDTRNS	
TRNS	INVOICE	05/22/2021	Truck: 1505154	Accounts Receivable	154	0	83351	
SPL	INVOICE	05/22/2021	H2	Sales Income	154	0.0	83351	0.19	0.0	
ENDTRNS	
TRNS	INVOICE	05/22/2021	Truck: 352182	Accounts Receivable	154	0	83352	
SPL	INVOICE	05/22/2021	H2	Sales Income	154	0.0	83352	0.07	0.0	
ENDTRNS	
TRNS	INVOICE	05/22/2021	Truck: 10327	Accounts Receivable	154	0	83353	
SPL	INVOICE	05/22/2021	H2	Sales Income	154	0.0	83353	0.25	0.0	
ENDTRNS	
TRNS	INVOICE	05/22/2021	Truck: Sweetbay	Accounts Receivable	154	0	83354	
SPL	INVOICE	05/22/2021	H2	Sales Income	154	0.0	83354	0.1	0.0	
ENDTRNS	
TRNS	INVOICE	05/22/2021	Truck: 182	Accounts Receivable	182	8.66	83355	
SPL	INVOICE	05/22/2021	DC	Sales Income	182	-8.66	83355	0.19	45.58	
ENDTRNS	
TRNS	INVOICE	05/22/2021	Truck: 154bread	Accounts Receivable	154	0	83356	
SPL	INVOICE	05/22/2021	H2	Sales Income	154	0.0	83356	0.04	0.0	
ENDTRNS	
TRNS	INVOICE	05/22/2021	Truck: 154z71	Accounts Receivable	154	0	83357	
SPL	INVOICE	05/22/2021	H2	Sales Income	154	0.0	83357	0.11	0.0	
ENDTRNS	
TRNS	INVOICE	05/22/2021	Truck: greenram	Accounts Receivable	154	0	83358	
SPL	INVOICE	05/22/2021	I-2	Sales Income	154	0.0	83358	0.76	0.0	
ENDTRNS	
TRNS	INVOICE	05/22/2021	Truck: vanold	Accounts Receivable	154	0	83359	
SPL	INVOICE	05/22/2021	H2	Sales Income	154	0.0	83359	0.38	0.0	
ENDTRNS	
TRNS	INVOICE	05/22/2021	Truck: jeeep	Accounts Receivable	154	0	83360	
SPL	INVOICE	05/22/2021	I-2	Sales Income	154	0.0	83360	0.4	0.0	
ENDTRNS	
TRNS	INVOICE	05/22/2021	Truck: 154mulch2	Accounts Receivable	154	0	83361	
SPL	INVOICE	05/22/2021	H2	Sales Income	154	0.0	83361	0.43	0.0	
ENDTRNS	
TRNS	INVOICE	05/22/2021	Truck: 15284	Accounts Receivable	154	0	83362	
SPL	INVOICE	05/22/2021	H2	Sales Income	154	0.0	83362	0.25	0.0	
ENDTRNS	
TRNS	INVOICE	05/22/2021	Truck: 154red	Accounts Receivable	154	0	83363	
SPL	INVOICE	05/22/2021	H2	Sales Income	154	0.0	83363	0.48	0.0	
ENDTRNS	
TRNS	INVOICE	05/22/2021	Truck: 182	Accounts Receivable	182	0	83364	
SPL	INVOICE	05/22/2021	H2	Sales Income	182	0.0	83364	2.01	0.0	
ENDTRNS	
TRNS	INVOICE	05/22/2021	Truck: 182toyred	Accounts Receivable	182	34.2	83365	
SPL	INVOICE	05/22/2021	DC	Sales Income	182	-34.2	83365	0.75	45.6	
ENDTRNS	
TRNS	INVOICE	05/22/2021	Truck: 53val	Accounts Receivable	154	27.36	83366	
SPL	INVOICE	05/22/2021	DC	Sales Income	154	-27.36	83366	0.6	45.6	
ENDTRNS	
TRNS	INVOICE	05/22/2021	Truck: 182wire	Accounts Receivable	182	15.05	83367	
SPL	INVOICE	05/22/2021	DC	Sales Income	182	-15.05	83367	0.33	45.61	
ENDTRNS	
TRNS	INVOICE	05/22/2021	Truck: 182dog	Accounts Receivable	182	14.14	83368	
SPL	INVOICE	05/22/2021	DC	Sales Income	182	-14.14	83368	0.31	45.61	
ENDTRNS	
TRNS	INVOICE	05/22/2021	Truck: 154dump	Accounts Receivable	154	0	83369	
SPL	INVOICE	05/22/2021	I-2	Sales Income	154	0.0	83369	1.38	0.0	
ENDTRNS	
TRNS	INVOICE	05/22/2021	Truck: 182dump	Accounts Receivable	182	99.86	83370	
SPL	INVOICE	05/22/2021	DC	Sales Income	182	-99.86	83370	2.19	45.6	
ENDTRNS	
TRNS	INVOICE	05/22/2021	Truck: 3063	Accounts Receivable	154	0	83371	
SPL	INVOICE	05/22/2021	I-2	Sales Income	154	0.0	83371	0.08	0.0	
ENDTRNS	
TRNS	INVOICE	05/22/2021	Truck: harris	Accounts Receivable	154	0	83372	
SPL	INVOICE	05/22/2021	H2	Sales Income	154	0.0	83372	0.31	0.0	
ENDTRNS	
TRNS	INVOICE	05/22/2021	Truck: 11343	Accounts Receivable	154	0	83373	
SPL	INVOICE	05/22/2021	H2	Sales Income	154	0.0	83373	2.81	0.0	
ENDTRNS	
TRNS	INVOICE	05/22/2021	Truck: 182	Accounts Receivable	182	0	83374	
SPL	INVOICE	05/22/2021	H2	Sales Income	182	0.0	83374	0.1	0.0	
ENDTRNS	
TRNS	INVOICE	05/22/2021	Truck: 239	Accounts Receivable	239	207.48	83375	
SPL	INVOICE	05/22/2021	DC	Sales Income	239	-207.48	83375	4.55	45.6	
ENDTRNS	
TRNS	INVOICE	05/22/2021	Truck: 154	Accounts Receivable	154	0	83376	
SPL	INVOICE	05/22/2021	H-2	Sales Income	154	0.0	83376	1.08	0.0	
ENDTRNS	
TRNS	INVOICE	05/22/2021	Truck: 1822	Accounts Receivable	182	42.41	83377	
SPL	INVOICE	05/22/2021	DC	Sales Income	182	-42.41	83377	0.93	45.6	
ENDTRNS	
TRNS	INVOICE	05/22/2021	Truck: 334182	Accounts Receivable	182	20.06	83378	
SPL	INVOICE	05/22/2021	DC	Sales Income	182	-20.06	83378	0.44	45.59	
ENDTRNS	
TRNS	INVOICE	05/22/2021	Truck: 20154	Accounts Receivable	154	0	83379	
SPL	INVOICE	05/22/2021	H2	Sales Income	154	0.0	83379	0.63	0.0	
ENDTRNS	
TRNS	INVOICE	05/22/2021	Truck: 182	Accounts Receivable	182	14.59	83380	
SPL	INVOICE	05/22/2021	DC	Sales Income	182	-14.59	83380	0.32	45.59	
ENDTRNS	
TRNS	INVOICE	05/24/2021	Truck: 1001JCGCOM	Accounts Receivable	240	211.47	83381	
SPL	INVOICE	05/24/2021	H1	Sales Income	240	-211.47	83381	4.6375	45.6	
ENDTRNS	
TRNS	INVOICE	05/24/2021	Truck: 154red	Accounts Receivable	154	0	83382	
SPL	INVOICE	05/24/2021	H2	Sales Income	154	0.0	83382	0.16	0.0	
ENDTRNS	
TRNS	INVOICE	05/24/2021	Truck: 238	Accounts Receivable	238	31.01	83383	
SPL	INVOICE	05/24/2021	DC	Sales Income	238	-31.01	83383	0.68	45.6	
ENDTRNS	
TRNS	INVOICE	05/24/2021	Truck: 182wf250	Accounts Receivable	182	36.48	83384	
SPL	INVOICE	05/24/2021	H1	Sales Income	182	-36.48	83384	0.8	45.6	
ENDTRNS	
TRNS	INVOICE	05/24/2021	Truck: 1921-O	Accounts Receivable	162	0	83385	
SPL	INVOICE	05/24/2021	H-2	Sales Income	162	0.0	83385	2.28	0.0	
ENDTRNS	
TRNS	INVOICE	05/24/2021	Truck: 154gbchev	Accounts Receivable	154	0	83386	
SPL	INVOICE	05/24/2021	I-2	Sales Income	154	0.0	83386	0.22	0.0	
ENDTRNS	
TRNS	INVOICE	05/24/2021	Truck: 182	Accounts Receivable	222	2.28	83387	
SPL	INVOICE	05/24/2021	AP 1	Sales Income	222	-2.28	83387	0.05	45.6	
ENDTRNS	
TRNS	INVOICE	05/24/2021	Truck: 1921-C	Accounts Receivable	162	0	83388	
SPL	INVOICE	05/24/2021	H-2	Sales Income	162	0.0	83388	8.91	0.0	
ENDTRNS	
TRNS	INVOICE	05/24/2021	Truck: 154wz71	Accounts Receivable	154	0	83389	
SPL	INVOICE	05/24/2021	H2	Sales Income	154	0.0	83389	0.09	0.0	
ENDTRNS	
TRNS	INVOICE	05/24/2021	Truck: 154	Accounts Receivable	236	0	83390	
SPL	INVOICE	05/24/2021	H-2	Sales Income	236	0.0	83390	0.58	0.0	
ENDTRNS	
TRNS	INVOICE	05/24/2021	Truck: 154grayram	Accounts Receivable	154	0	83391	
SPL	INVOICE	05/24/2021	H2	Sales Income	154	0.0	83391	0.06	0.0	
ENDTRNS	
TRNS	INVOICE	05/24/2021	Truck: 154f250	Accounts Receivable	154	0	83392	
SPL	INVOICE	05/24/2021	I-2	Sales Income	154	0.0	83392	0.11	0.0	
ENDTRNS	
TRNS	INVOICE	05/24/2021	Truck: 154redch	Accounts Receivable	154	0	83393	
SPL	INVOICE	05/24/2021	H2	Sales Income	154	0.0	83393	0.07	0.0	
ENDTRNS	
TRNS	INVOICE	05/24/2021	Truck: 1904	Accounts Receivable	162	0	83394	
SPL	INVOICE	05/24/2021	H-2	Sales Income	162	0.0	83394	4.32	0.0	
ENDTRNS	
TRNS	INVOICE	05/24/2021	Truck: 154	Accounts Receivable	154	0	83395	
SPL	INVOICE	05/24/2021	H-2	Sales Income	154	0.0	83395	0.47	0.0	
ENDTRNS	
TRNS	INVOICE	05/24/2021	Truck: 1921-O	Accounts Receivable	162	0	83396	
SPL	INVOICE	05/24/2021	H-2	Sales Income	162	0.0	83396	2.25	0.0	
ENDTRNS	
TRNS	INVOICE	05/24/2021	Truck: 154wc	Accounts Receivable	154	0	83398	
SPL	INVOICE	05/24/2021	I-2	Sales Income	154	0.0	83398	0.09	0.0	
ENDTRNS	
TRNS	INVOICE	05/24/2021	Truck: Renee 2	Accounts Receivable	194	14.14	83399	
SPL	INVOICE	05/24/2021	H1	Sales Income	194	-14.14	83399	0.31	45.61	
ENDTRNS	
TRNS	INVOICE	05/24/2021	Truck: 154oldt	Accounts Receivable	154	0	83400	
SPL	INVOICE	05/24/2021	H2	Sales Income	154	0.0	83400	0.07	0.0	
ENDTRNS	
TRNS	INVOICE	05/24/2021	Truck: 154blue	Accounts Receivable	154	0	83401	
SPL	INVOICE	05/24/2021	H2	Sales Income	154	0.0	83401	0.31	0.0	
ENDTRNS	
TRNS	INVOICE	05/24/2021	Truck: 154redlil	Accounts Receivable	154	0	83402	
SPL	INVOICE	05/24/2021	I-2	Sales Income	154	0.0	83402	0.09	0.0	
ENDTRNS	
TRNS	INVOICE	05/24/2021	Truck: 154blkf150	Accounts Receivable	154	0	83403	
SPL	INVOICE	05/24/2021	H2	Sales Income	154	0.0	83403	0.2	0.0	
ENDTRNS	
TRNS	INVOICE	05/24/2021	Truck: 154brownf1	Accounts Receivable	154	0	83404	
SPL	INVOICE	05/24/2021	H2	Sales Income	154	0.0	83404	0.09	0.0	
ENDTRNS	
TRNS	INVOICE	05/24/2021	Truck: 182	Accounts Receivable	182	11.4	83405	
SPL	INVOICE	05/24/2021	DC	Sales Income	182	-11.4	83405	0.25	45.6	
ENDTRNS	
TRNS	INVOICE	05/24/2021	Truck: 154reddull	Accounts Receivable	154	0	83406	
SPL	INVOICE	05/24/2021	H2	Sales Income	154	0.0	83406	0.1	0.0	
ENDTRNS	
TRNS	INVOICE	05/24/2021	Truck: 154titred	Accounts Receivable	154	0	83407	
SPL	INVOICE	05/24/2021	H2	Sales Income	154	0.0	83407	1.15	0.0	
ENDTRNS	
TRNS	INVOICE	05/24/2021	Truck: 154wb	Accounts Receivable	154	0	83408	
SPL	INVOICE	05/24/2021	H2	Sales Income	154	0.0	83408	0.12	0.0	
ENDTRNS	
TRNS	INVOICE	05/24/2021	Truck: 154red	Accounts Receivable	154	0	83409	
SPL	INVOICE	05/24/2021	H2	Sales Income	154	0.0	83409	1.01	0.0	
ENDTRNS	
TRNS	INVOICE	05/24/2021	Truck: 1921-O	Accounts Receivable	162	0	83410	
SPL	INVOICE	05/24/2021	H-2	Sales Income	162	0.0	83410	0.69	0.0	
ENDTRNS	
TRNS	INVOICE	05/24/2021	Truck: 154toyred	Accounts Receivable	154	0	83411	
SPL	INVOICE	05/24/2021	H2	Sales Income	154	0.0	83411	0.02	0.0	
ENDTRNS	
TRNS	INVOICE	05/24/2021	Truck: 154blktaco	Accounts Receivable	154	0	83412	
SPL	INVOICE	05/24/2021	I-2	Sales Income	154	0.0	83412	0.25	0.0	
ENDTRNS	
TRNS	INVOICE	05/24/2021	Truck: 154whitera	Accounts Receivable	154	0	83413	
SPL	INVOICE	05/24/2021	I-2	Sales Income	154	0.0	83413	0.61	0.0	
ENDTRNS	
TRNS	INVOICE	05/24/2021	Truck: 154rediner	Accounts Receivable	154	0	83414	
SPL	INVOICE	05/24/2021	I-2	Sales Income	154	0.0	83414	0.1	0.0	
ENDTRNS	
TRNS	INVOICE	05/24/2021	Truck: 1921-O	Accounts Receivable	162	0	83415	
SPL	INVOICE	05/24/2021	H-2	Sales Income	162	0.0	83415	3.14	0.0	
ENDTRNS	
TRNS	INVOICE	05/24/2021	Truck: 1 2 3	Accounts Receivable	154	0	83416	
SPL	INVOICE	05/24/2021	H-2	Sales Income	154	0.0	83416	4.69	0.0	
ENDTRNS	
TRNS	INVOICE	05/24/2021	Truck: 154	Accounts Receivable	236	0	83417	
SPL	INVOICE	05/24/2021	H-2	Sales Income	236	0.0	83417	0.59	0.0	
ENDTRNS	
TRNS	INVOICE	05/24/2021	Truck: 1635-28	Accounts Receivable	164	0	83418	
SPL	INVOICE	05/24/2021	I-2	Sales Income	164	0.0	83418	4.39	0.0	
ENDTRNS	
TRNS	INVOICE	05/24/2021	Truck: 154redsuv	Accounts Receivable	154	0	83419	
SPL	INVOICE	05/24/2021	H2	Sales Income	154	0.0	83419	0.08	0.0	
ENDTRNS	
TRNS	INVOICE	05/24/2021	Truck: 154rem	Accounts Receivable	154	0	83420	
SPL	INVOICE	05/24/2021	H2	Sales Income	154	0.0	83420	0.13	0.0	
ENDTRNS	
TRNS	INVOICE	05/24/2021	Truck: 154redtun	Accounts Receivable	154	0	83421	
SPL	INVOICE	05/24/2021	H2	Sales Income	154	0.0	83421	0.09	0.0	
ENDTRNS	
TRNS	INVOICE	05/24/2021	Truck: 154	Accounts Receivable	182	20.06	83422	
SPL	INVOICE	05/24/2021	DC	Sales Income	182	-20.06	83422	0.44	45.59	
ENDTRNS	
TRNS	INVOICE	05/24/2021	Truck: 154blkc	Accounts Receivable	154	0	83423	
SPL	INVOICE	05/24/2021	H2	Sales Income	154	0.0	83423	0.2	0.0	
ENDTRNS	
TRNS	INVOICE	05/24/2021	Truck: 154frangw	Accounts Receivable	154	0	83424	
SPL	INVOICE	05/24/2021	H2	Sales Income	154	0.0	83424	1.32	0.0	
ENDTRNS	
TRNS	INVOICE	05/24/2021	Truck: 154154bram	Accounts Receivable	154	0	83425	
SPL	INVOICE	05/24/2021	H2	Sales Income	154	0.0	83425	1.41	0.0	
ENDTRNS	
TRNS	INVOICE	05/24/2021	Truck: 1923	Accounts Receivable	162	0	83426	
SPL	INVOICE	05/24/2021	H-2	Sales Income	162	0.0	83426	10.4	0.0	
ENDTRNS	
TRNS	INVOICE	05/24/2021	Truck: 1635-28	Accounts Receivable	164	0	83427	
SPL	INVOICE	05/24/2021	I-2	Sales Income	164	0.0	83427	4.8	0.0	
ENDTRNS	
TRNS	INVOICE	05/24/2021	Truck: 1921-I	Accounts Receivable	162	0	83428	
SPL	INVOICE	05/24/2021	I-2	Sales Income	162	0.0	83428	0.45	0.0	
ENDTRNS	
TRNS	INVOICE	05/24/2021	Truck: 1904	Accounts Receivable	162	0	83429	
SPL	INVOICE	05/24/2021	H-2	Sales Income	162	0.0	83429	5.25	0.0	
ENDTRNS	
TRNS	INVOICE	05/24/2021	Truck: 154blue	Accounts Receivable	154	0	83430	
SPL	INVOICE	05/24/2021	H2	Sales Income	154	0.0	83430	0.09	0.0	
ENDTRNS	
TRNS	INVOICE	05/24/2021	Truck: 1907	Accounts Receivable	162	0	83431	
SPL	INVOICE	05/24/2021	H-2	Sales Income	162	0.0	83431	9.73	0.0	
ENDTRNS	
TRNS	INVOICE	05/24/2021	Truck: 154	Accounts Receivable	154	0	83432	
SPL	INVOICE	05/24/2021	H-2	Sales Income	154	0.0	83432	0.04	0.0	
ENDTRNS	
TRNS	INVOICE	05/24/2021	Truck: 154	Accounts Receivable	154	0	83433	
SPL	INVOICE	05/24/2021	H-2	Sales Income	154	0.0	83433	0.5	0.0	
ENDTRNS	
TRNS	INVOICE	05/24/2021	Truck: 154	Accounts Receivable	154	0	83434	
SPL	INVOICE	05/24/2021	H-2	Sales Income	154	0.0	83434	0.4	0.0	
ENDTRNS	
TRNS	INVOICE	05/24/2021	Truck: 1635-28	Accounts Receivable	164	0	83435	
SPL	INVOICE	05/24/2021	I-2	Sales Income	164	0.0	83435	3.79	0.0	
ENDTRNS	
TRNS	INVOICE	05/24/2021	Truck: 154bchevy	Accounts Receivable	154	0	83436	
SPL	INVOICE	05/24/2021	H2	Sales Income	154	0.0	83436	0.33	0.0	
ENDTRNS	
TRNS	INVOICE	05/24/2021	Truck: 154f150gre	Accounts Receivable	154	0	83437	
SPL	INVOICE	05/24/2021	H2	Sales Income	154	0.0	83437	0.02	0.0	
ENDTRNS	
TRNS	INVOICE	05/24/2021	Truck: 182	Accounts Receivable	182	10.94	83438	
SPL	INVOICE	05/24/2021	DC	Sales Income	182	-10.94	83438	0.24	45.58	
ENDTRNS	
TRNS	INVOICE	05/24/2021	Truck: 1906	Accounts Receivable	162	0	83439	
SPL	INVOICE	05/24/2021	H-2	Sales Income	162	0.0	83439	9.95	0.0	
ENDTRNS	
TRNS	INVOICE	05/24/2021	Truck: 154whttun	Accounts Receivable	154	0	83440	
SPL	INVOICE	05/24/2021	H2	Sales Income	154	0.0	83440	0.57	0.0	
ENDTRNS	
TRNS	INVOICE	05/24/2021	Truck: 182whtchev	Accounts Receivable	154	0	83441	
SPL	INVOICE	05/24/2021	H2	Sales Income	154	0.0	83441	0.21	0.0	
ENDTRNS	
TRNS	INVOICE	05/24/2021	Truck: 153jeep	Accounts Receivable	154	0	83442	
SPL	INVOICE	05/24/2021	H2	Sales Income	154	0.0	83442	0.06	0.0	
ENDTRNS	
TRNS	INVOICE	05/24/2021	Truck: 154whtram	Accounts Receivable	154	0	83443	
SPL	INVOICE	05/24/2021	H2	Sales Income	154	0.0	83443	0	0.0	
ENDTRNS	
TRNS	INVOICE	05/24/2021	Truck: 1903	Accounts Receivable	162	0	83444	
SPL	INVOICE	05/24/2021	H-2	Sales Income	162	0.0	83444	6.91	0.0	
ENDTRNS	
TRNS	INVOICE	05/24/2021	Truck: 154ramr	Accounts Receivable	154	0	83445	
SPL	INVOICE	05/24/2021	H2	Sales Income	154	0.0	83445	0.04	0.0	
ENDTRNS	
TRNS	INVOICE	05/24/2021	Truck: 1635-28	Accounts Receivable	164	0	83446	
SPL	INVOICE	05/24/2021	I-2	Sales Income	164	0.0	83446	3.82	0.0	
ENDTRNS	
TRNS	INVOICE	05/24/2021	Truck: 154rang	Accounts Receivable	154	0	83447	
SPL	INVOICE	05/24/2021	H2	Sales Income	154	0.0	83447	0.09	0.0	
ENDTRNS	
TRNS	INVOICE	05/24/2021	Truck: 154bf150	Accounts Receivable	154	0	83448	
SPL	INVOICE	05/24/2021	H2	Sales Income	154	0.0	83448	0.04	0.0	
ENDTRNS	
TRNS	INVOICE	05/24/2021	Truck: 154suv	Accounts Receivable	154	0	83449	
SPL	INVOICE	05/24/2021	H2	Sales Income	154	0.0	83449	0.11	0.0	
ENDTRNS	
TRNS	INVOICE	05/24/2021	Truck: 154whtchev	Accounts Receivable	154	0	83450	
SPL	INVOICE	05/24/2021	H2	Sales Income	154	0.0	83450	0.01	0.0	
ENDTRNS	
TRNS	INVOICE	05/24/2021	Truck: 154green	Accounts Receivable	154	0	83451	
SPL	INVOICE	05/24/2021	H2	Sales Income	154	0.0	83451	0.11	0.0	
ENDTRNS	
TRNS	INVOICE	05/24/2021	Truck: 154siver	Accounts Receivable	154	0	83452	
SPL	INVOICE	05/24/2021	I-2	Sales Income	154	0.0	83452	0.04	0.0	
ENDTRNS	
TRNS	INVOICE	05/24/2021	Truck: 1635-28	Accounts Receivable	164	0	83453	
SPL	INVOICE	05/24/2021	I-2	Sales Income	164	0.0	83453	3.64	0.0	
ENDTRNS	
TRNS	INVOICE	05/24/2021	Truck: 182tacoma	Accounts Receivable	182	21.43	83454	
SPL	INVOICE	05/24/2021	DC	Sales Income	182	-21.43	83454	0.47	45.6	
ENDTRNS	
TRNS	INVOICE	05/24/2021	Truck: 154red	Accounts Receivable	154	0	83455	
SPL	INVOICE	05/24/2021	H2	Sales Income	154	0.0	83455	0.17	0.0	
ENDTRNS	
TRNS	INVOICE	05/25/2021	Truck: 1001calcom	Accounts Receivable	240	118.56	83456	
SPL	INVOICE	05/25/2021	H1	Sales Income	240	-118.56	83456	2.6	45.6	
ENDTRNS	
TRNS	INVOICE	05/25/2021	Truck: 1895	Accounts Receivable	173	0	83457	
SPL	INVOICE	05/25/2021	H-3	Sales Income	173	0.0	83457	30.9	0.0	
ENDTRNS	
TRNS	INVOICE	05/25/2021	Truck: 154	Accounts Receivable	154	0	83458	
SPL	INVOICE	05/25/2021	H-2	Sales Income	154	0.0	83458	0.11	0.0	
ENDTRNS	
TRNS	INVOICE	05/25/2021	Truck: 182	Accounts Receivable	182	30.55	83459	
SPL	INVOICE	05/25/2021	DC	Sales Income	182	-30.55	83459	0.67	45.6	
ENDTRNS	
TRNS	INVOICE	05/25/2021	Truck: 1891	Accounts Receivable	173	0	83460	
SPL	INVOICE	05/25/2021	H-3	Sales Income	173	0.0	83460	20.83	0.0	
ENDTRNS	
TRNS	INVOICE	05/25/2021	Truck: Andy	Accounts Receivable	182	71.59	83461	
SPL	INVOICE	05/25/2021	DC	Sales Income	182	-71.59	83461	1.57	45.6	
ENDTRNS	
TRNS	INVOICE	05/25/2021	Truck: 182eng	Accounts Receivable	182	11.4	83462	
SPL	INVOICE	05/25/2021	DC	Sales Income	182	-11.4	83462	0.25	45.6	
ENDTRNS	
TRNS	INVOICE	05/25/2021	Truck: 3110	Accounts Receivable	182	48.79	83463	
SPL	INVOICE	05/25/2021	DC	Sales Income	182	-48.79	83463	1.07	45.6	
ENDTRNS	
TRNS	INVOICE	05/25/2021	Truck: WHitewaste	Accounts Receivable	182	189.24	83464	
SPL	INVOICE	05/25/2021	DC	Sales Income	182	-189.24	83464	4.15	45.6	
ENDTRNS	
TRNS	INVOICE	05/25/2021	Truck: 154	Accounts Receivable	154	0	83465	
SPL	INVOICE	05/25/2021	H-2	Sales Income	154	0.0	83465	0.93	0.0	
ENDTRNS	
TRNS	INVOICE	05/25/2021	Truck: lewelll	Accounts Receivable	182	24.17	83466	
SPL	INVOICE	05/25/2021	DC	Sales Income	182	-24.17	83466	0.53	45.6	
ENDTRNS	
TRNS	INVOICE	05/25/2021	Truck: 1542	Accounts Receivable	154	0	83467	
SPL	INVOICE	05/25/2021	I-2	Sales Income	154	0.0	83467	0.59	0.0	
ENDTRNS	
TRNS	INVOICE	05/25/2021	Truck: 1547	Accounts Receivable	154	0	83468	
SPL	INVOICE	05/25/2021	H2	Sales Income	154	0.0	83468	0.29	0.0	
ENDTRNS	
TRNS	INVOICE	05/25/2021	Truck: 1 2 3	Accounts Receivable	154	0	83469	
SPL	INVOICE	05/25/2021	H-2	Sales Income	154	0.0	83469	3.27	0.0	
ENDTRNS	
TRNS	INVOICE	05/25/2021	Truck: 456	Accounts Receivable	456	10.03	83470	
SPL	INVOICE	05/25/2021	H1	Sales Income	456	-10.03	83470	0.22	45.59	
ENDTRNS	
TRNS	INVOICE	05/25/2021	Truck: 154grey	Accounts Receivable	154	0	83472	
SPL	INVOICE	05/25/2021	I-2	Sales Income	154	0.0	83472	0.17	0.0	
ENDTRNS	
TRNS	INVOICE	05/25/2021	Truck: 154burg	Accounts Receivable	154	0	83473	
SPL	INVOICE	05/25/2021	H2	Sales Income	154	0.0	83473	0.09	0.0	
ENDTRNS	
TRNS	INVOICE	05/25/2021	Truck: 1595182	Accounts Receivable	182	7.75	83474	
SPL	INVOICE	05/25/2021	DC	Sales Income	182	-7.75	83474	0.17	45.59	
ENDTRNS	
TRNS	INVOICE	05/25/2021	Truck: davis	Accounts Receivable	182	95.3	83475	
SPL	INVOICE	05/25/2021	DC	Sales Income	182	-95.3	83475	2.09	45.6	
ENDTRNS	
TRNS	INVOICE	05/25/2021	Truck: Smiley	Accounts Receivable	154	0	83476	
SPL	INVOICE	05/25/2021	I-2	Sales Income	154	0.0	83476	1.84	0.0	
ENDTRNS	
TRNS	INVOICE	05/25/2021	Truck: 182scool	Accounts Receivable	182	165.98	83477	
SPL	INVOICE	05/25/2021	DC	Sales Income	182	-165.98	83477	3.64	45.6	
ENDTRNS	
TRNS	INVOICE	05/25/2021	Truck: 1925	Accounts Receivable	154	0	83478	
SPL	INVOICE	05/25/2021	H2	Sales Income	154	0.0	83478	0.04	0.0	
ENDTRNS	
TRNS	INVOICE	05/25/2021	Truck: 1895	Accounts Receivable	173	0	83479	
SPL	INVOICE	05/25/2021	H-3	Sales Income	173	0.0	83479	23.1	0.0	
ENDTRNS	
TRNS	INVOICE	05/25/2021	Truck: 238	Accounts Receivable	238	28.73	83480	
SPL	INVOICE	05/25/2021	DC	Sales Income	238	-28.73	83480	0.63	45.6	
ENDTRNS	
TRNS	INVOICE	05/25/2021	Truck: 1549	Accounts Receivable	154	0	83481	
SPL	INVOICE	05/25/2021	H2	Sales Income	154	0.0	83481	0.19	0.0	
ENDTRNS	
TRNS	INVOICE	05/25/2021	Truck: 1904	Accounts Receivable	162	0	83482	
SPL	INVOICE	05/25/2021	H-2	Sales Income	162	0.0	83482	8.43	0.0	
ENDTRNS	
TRNS	INVOICE	05/25/2021	Truck: Airpark	Accounts Receivable	154	0	83483	
SPL	INVOICE	05/25/2021	H2	Sales Income	154	0.0	83483	1.01	0.0	
ENDTRNS	
TRNS	INVOICE	05/25/2021	Truck: 1891	Accounts Receivable	173	0	83484	
SPL	INVOICE	05/25/2021	H-3	Sales Income	173	0.0	83484	29.87	0.0	
ENDTRNS	
TRNS	INVOICE	05/25/2021	Truck: 154815	Accounts Receivable	154	0	83485	
SPL	INVOICE	05/25/2021	H2	Sales Income	154	0.0	83485	0.11	0.0	
ENDTRNS	
TRNS	INVOICE	05/25/2021	Truck: Renee 2	Accounts Receivable	194	11.4	83486	
SPL	INVOICE	05/25/2021	H1	Sales Income	194	-11.4	83486	0.25	45.6	
ENDTRNS	
TRNS	INVOICE	05/25/2021	Truck: 154grey	Accounts Receivable	154	0	83487	
SPL	INVOICE	05/25/2021	H2	Sales Income	154	0.0	83487	0.09	0.0	
ENDTRNS	
TRNS	INVOICE	05/25/2021	Truck: 182navy	Accounts Receivable	182	15.05	83488	
SPL	INVOICE	05/25/2021	DC	Sales Income	182	-15.05	83488	0.33	45.61	
ENDTRNS	
TRNS	INVOICE	05/25/2021	Truck: 182red	Accounts Receivable	182	12.31	83489	
SPL	INVOICE	05/25/2021	DC	Sales Income	182	-12.31	83489	0.27	45.59	
ENDTRNS	
TRNS	INVOICE	05/25/2021	Truck: enfing	Accounts Receivable	182	0	83490	
SPL	INVOICE	05/25/2021	H2	Sales Income	182	0.0	83490	0.18	0.0	
ENDTRNS	
TRNS	INVOICE	05/26/2021	Truck: 154co man	Accounts Receivable	154	0	83491	
SPL	INVOICE	05/26/2021	H2	Sales Income	154	0.0	83491	1.94	0.0	
ENDTRNS	
TRNS	INVOICE	05/25/2021	Truck: 182red	Accounts Receivable	182	36.48	83492	
SPL	INVOICE	05/25/2021	DC	Sales Income	182	-36.48	83492	0.8	45.6	
ENDTRNS	
TRNS	INVOICE	05/25/2021	Truck: blue box	Accounts Receivable	154	0	83493	
SPL	INVOICE	05/25/2021	H2	Sales Income	154	0.0	83493	0.19	0.0	
ENDTRNS	
TRNS	INVOICE	05/25/2021	Truck: 1907	Accounts Receivable	162	0	83494	
SPL	INVOICE	05/25/2021	H-2	Sales Income	162	0.0	83494	10.37	0.0	
ENDTRNS	
TRNS	INVOICE	05/25/2021	Truck: 1905	Accounts Receivable	162	0	83495	
SPL	INVOICE	05/25/2021	H-2	Sales Income	162	0.0	83495	8.16	0.0	
ENDTRNS	
TRNS	INVOICE	05/25/2021	Truck: davis	Accounts Receivable	154	46.51	83496	
SPL	INVOICE	05/25/2021	DC	Sales Income	154	-46.51	83496	1.02	45.6	
ENDTRNS	
TRNS	INVOICE	05/25/2021	Truck: ABC	Accounts Receivable	243	0	83497	
SPL	INVOICE	05/25/2021	H-4	Sales Income	243	0.0	83497	5.95	0.0	
ENDTRNS	
TRNS	INVOICE	05/25/2021	Truck: 1923	Accounts Receivable	162	0	83498	
SPL	INVOICE	05/25/2021	H-2	Sales Income	162	0.0	83498	10.23	0.0	
ENDTRNS	
TRNS	INVOICE	05/25/2021	Truck: 1906	Accounts Receivable	162	0	83499	
SPL	INVOICE	05/25/2021	H-2	Sales Income	162	0.0	83499	3.42	0.0	
ENDTRNS	
TRNS	INVOICE	05/25/2021	Truck: 1904	Accounts Receivable	162	0	83500	
SPL	INVOICE	05/25/2021	H-2	Sales Income	162	0.0	83500	3.08	0.0	
ENDTRNS	
TRNS	INVOICE	05/25/2021	Truck: 1916	Accounts Receivable	162	0	83501	
SPL	INVOICE	05/25/2021	H-2	Sales Income	162	0.0	83501	9.02	0.0	
ENDTRNS	
TRNS	INVOICE	05/25/2021	Truck: 1415	Accounts Receivable	154	0	83502	
SPL	INVOICE	05/25/2021	H2	Sales Income	154	0.0	83502	0.19	0.0	
ENDTRNS	
TRNS	INVOICE	05/25/2021	Truck: 1895	Accounts Receivable	173	0	83503	
SPL	INVOICE	05/25/2021	H-3	Sales Income	173	0.0	83503	30.33	0.0	
ENDTRNS	
TRNS	INVOICE	05/25/2021	Truck: 182	Accounts Receivable	182	31.01	83504	
SPL	INVOICE	05/25/2021	DC	Sales Income	182	-31.01	83504	0.68	45.6	
ENDTRNS	
TRNS	INVOICE	05/25/2021	Truck: 1891	Accounts Receivable	173	0	83505	
SPL	INVOICE	05/25/2021	H-3	Sales Income	173	0.0	83505	29.01	0.0	
ENDTRNS	
TRNS	INVOICE	05/26/2021	Truck: 1001calcom	Accounts Receivable	240	152.3	83506	
SPL	INVOICE	05/26/2021	H1	Sales Income	240	-152.3	83506	3.34	45.6	
ENDTRNS	
TRNS	INVOICE	05/26/2021	Truck: brad	Accounts Receivable	182	30.1	83507	
SPL	INVOICE	05/26/2021	DC	Sales Income	182	-30.1	83507	0.66	45.61	
ENDTRNS	
TRNS	INVOICE	05/26/2021	Truck: 154	Accounts Receivable	154	0	83508	
SPL	INVOICE	05/26/2021	H-2	Sales Income	154	0.0	83508	0.39	0.0	
ENDTRNS	
TRNS	INVOICE	05/26/2021	Truck: 182	Accounts Receivable	182	0	83509	
SPL	INVOICE	05/26/2021	H2	Sales Income	182	0.0	83509	0.02	0.0	
ENDTRNS	
TRNS	INVOICE	05/26/2021	Truck: 154	Accounts Receivable	154	0	83510	
SPL	INVOICE	05/26/2021	H-2	Sales Income	154	0.0	83510	1.09	0.0	
ENDTRNS	
TRNS	INVOICE	05/26/2021	Truck: 1895	Accounts Receivable	173	0	83511	
SPL	INVOICE	05/26/2021	H-3	Sales Income	173	0.0	83511	27.02	0.0	
ENDTRNS	
TRNS	INVOICE	05/26/2021	Truck: 1542	Accounts Receivable	154	0	83512	
SPL	INVOICE	05/26/2021	I-2	Sales Income	154	0.0	83512	0.09	0.0	
ENDTRNS	
TRNS	INVOICE	05/26/2021	Truck: 221182	Accounts Receivable	182	11.4	83513	
SPL	INVOICE	05/26/2021	DC	Sales Income	182	-11.4	83513	0.25	45.6	
ENDTRNS	
TRNS	INVOICE	05/26/2021	Truck: 1636-24	Accounts Receivable	164	0	83514	
SPL	INVOICE	05/26/2021	I-2	Sales Income	164	0.0	83514	8.64	0.0	
ENDTRNS	
TRNS	INVOICE	05/26/2021	Truck: 154red	Accounts Receivable	154	0	83515	
SPL	INVOICE	05/26/2021	H2	Sales Income	154	0.0	83515	0.06	0.0	
ENDTRNS	
TRNS	INVOICE	05/26/2021	Truck: 43	Accounts Receivable	154	0	83517	
SPL	INVOICE	05/26/2021	H2	Sales Income	154	0.0	83517	0.14	0.0	
ENDTRNS	
TRNS	INVOICE	05/26/2021	Truck: 1636-24	Accounts Receivable	164	0	83518	
SPL	INVOICE	05/26/2021	I-2	Sales Income	164	0.0	83518	9.31	0.0	
ENDTRNS	
TRNS	INVOICE	05/26/2021	Truck: 1542	Accounts Receivable	154	0	83519	
SPL	INVOICE	05/26/2021	H2	Sales Income	154	0.0	83519	1.29	0.0	
ENDTRNS	
TRNS	INVOICE	05/26/2021	Truck: 7452	Accounts Receivable	154	0	83520	
SPL	INVOICE	05/26/2021	H2	Sales Income	154	0.0	83520	0.36	0.0	
ENDTRNS	
TRNS	INVOICE	05/26/2021	Truck: davis	Accounts Receivable	182	45.14	83521	
SPL	INVOICE	05/26/2021	DC	Sales Income	182	-45.14	83521	0.99	45.6	
ENDTRNS	
TRNS	INVOICE	05/26/2021	Truck: 154	Accounts Receivable	154	0	83522	
SPL	INVOICE	05/26/2021	H-2	Sales Income	154	0.0	83522	0.09	0.0	
ENDTRNS	
TRNS	INVOICE	05/26/2021	Truck: 1636-24	Accounts Receivable	164	0	83523	
SPL	INVOICE	05/26/2021	I-2	Sales Income	164	0.0	83523	9.31	0.0	
ENDTRNS	
TRNS	INVOICE	05/26/2021	Truck: 154	Accounts Receivable	154	0	83524	
SPL	INVOICE	05/26/2021	H-2	Sales Income	154	0.0	83524	0.05	0.0	
ENDTRNS	
TRNS	INVOICE	05/26/2021	Truck: 1895	Accounts Receivable	173	0	83525	
SPL	INVOICE	05/26/2021	H-3	Sales Income	173	0.0	83525	17.63	0.0	
ENDTRNS	
TRNS	INVOICE	05/26/2021	Truck: 1904	Accounts Receivable	162	0	83526	
SPL	INVOICE	05/26/2021	H-2	Sales Income	162	0.0	83526	9.3	0.0	
ENDTRNS	
TRNS	INVOICE	05/26/2021	Truck: 1547	Accounts Receivable	154	0	83527	
SPL	INVOICE	05/26/2021	H2	Sales Income	154	0.0	83527	0.26	0.0	
ENDTRNS	
TRNS	INVOICE	05/26/2021	Truck: 182	Accounts Receivable	182	63.84	83528	
SPL	INVOICE	05/26/2021	DC	Sales Income	182	-63.84	83528	1.4	45.6	
ENDTRNS	
TRNS	INVOICE	05/26/2021	Truck: 1907	Accounts Receivable	162	0	83529	
SPL	INVOICE	05/26/2021	H-2	Sales Income	162	0.0	83529	5.73	0.0	
ENDTRNS	
TRNS	INVOICE	05/26/2021	Truck: 154cha	Accounts Receivable	154	0	83530	
SPL	INVOICE	05/26/2021	I-2	Sales Income	154	0.0	83530	0.3	0.0	
ENDTRNS	
TRNS	INVOICE	05/26/2021	Truck: 1923	Accounts Receivable	162	0	83531	
SPL	INVOICE	05/26/2021	H-2	Sales Income	162	0.0	83531	9.55	0.0	
ENDTRNS	
TRNS	INVOICE	05/26/2021	Truck: 154grenish	Accounts Receivable	154	0	83533	
SPL	INVOICE	05/26/2021	H2	Sales Income	154	0.0	83533	1.06	0.0	
ENDTRNS	
TRNS	INVOICE	05/26/2021	Truck: 1636-24	Accounts Receivable	164	0	83534	
SPL	INVOICE	05/26/2021	I-2	Sales Income	164	0.0	83534	5.89	0.0	
ENDTRNS	
TRNS	INVOICE	05/26/2021	Truck: 182	Accounts Receivable	182	0	83535	
SPL	INVOICE	05/26/2021	H2	Sales Income	182	0.0	83535	0.11	0.0	
ENDTRNS	
TRNS	INVOICE	05/26/2021	Truck: 405-1489	Accounts Receivable	150	0	83536	
SPL	INVOICE	05/26/2021	I-2	Sales Income	150	0.0	83536	0.59	0.0	
ENDTRNS	
TRNS	INVOICE	05/26/2021	Truck: 828182	Accounts Receivable	182	17.78	83537	
SPL	INVOICE	05/26/2021	DC	Sales Income	182	-17.78	83537	0.39	45.59	
ENDTRNS	
TRNS	INVOICE	05/26/2021	Truck: 1904	Accounts Receivable	162	0	83538	
SPL	INVOICE	05/26/2021	H-2	Sales Income	162	0.0	83538	2.89	0.0	
ENDTRNS	
TRNS	INVOICE	05/26/2021	Truck: 1920	Accounts Receivable	162	0	83539	
SPL	INVOICE	05/26/2021	H-2	Sales Income	162	0.0	83539	8.15	0.0	
ENDTRNS	
TRNS	INVOICE	05/26/2021	Truck: 182	Accounts Receivable	182	5.02	83540	
SPL	INVOICE	05/26/2021	DC	Sales Income	182	-5.02	83540	0.11	45.64	
ENDTRNS	
TRNS	INVOICE	05/26/2021	Truck: 3599	Accounts Receivable	154	0	83541	
SPL	INVOICE	05/26/2021	H2	Sales Income	154	0.0	83541	0	0.0	
ENDTRNS	
TRNS	INVOICE	05/26/2021	Truck: 1895	Accounts Receivable	173	0	83542	
SPL	INVOICE	05/26/2021	H-3	Sales Income	173	0.0	83542	28.58	0.0	
ENDTRNS	
TRNS	INVOICE	05/26/2021	Truck: 1636-24	Accounts Receivable	164	0	83543	
SPL	INVOICE	05/26/2021	I-2	Sales Income	164	0.0	83543	5.19	0.0	
ENDTRNS	
TRNS	INVOICE	05/26/2021	Truck: 154	Accounts Receivable	154	0	83544	
SPL	INVOICE	05/26/2021	I-2	Sales Income	154	0.0	83544	0.05	0.0	
ENDTRNS	
TRNS	INVOICE	05/26/2021	Truck: 182	Accounts Receivable	182	98.04	83545	
SPL	INVOICE	05/26/2021	DC	Sales Income	182	-98.04	83545	2.15	45.6	
ENDTRNS	
TRNS	INVOICE	05/26/2021	Truck: 1636-24	Accounts Receivable	164	0	83546	
SPL	INVOICE	05/26/2021	I-2	Sales Income	164	0.0	83546	6.11	0.0	
ENDTRNS	
TRNS	INVOICE	05/26/2021	Truck: 1822	Accounts Receivable	182	26.9	83547	
SPL	INVOICE	05/26/2021	DC	Sales Income	182	-26.9	83547	0.59	45.59	
ENDTRNS	
TRNS	INVOICE	05/27/2021	Truck: 182	Accounts Receivable	154	0	83548	
SPL	INVOICE	05/27/2021	H2	Sales Income	154	0.0	83548	0.68	0.0	
ENDTRNS	
TRNS	INVOICE	05/27/2021	Truck: 1921-C	Accounts Receivable	162	0	83549	
SPL	INVOICE	05/27/2021	H-2	Sales Income	162	0.0	83549	7.32	0.0	
ENDTRNS	
TRNS	INVOICE	05/27/2021	Truck: 1895	Accounts Receivable	173	0	83550	
SPL	INVOICE	05/27/2021	H-3	Sales Income	173	0.0	83550	31.23	0.0	
ENDTRNS	
TRNS	INVOICE	05/27/2021	Truck: 1001calcom	Accounts Receivable	240	137.26	83551	
SPL	INVOICE	05/27/2021	H1	Sales Income	240	-137.26	83551	3.01	45.6	
ENDTRNS	
TRNS	INVOICE	05/27/2021	Truck: 154	Accounts Receivable	154	0	83552	
SPL	INVOICE	05/27/2021	H-2	Sales Income	154	0.0	83552	0.26	0.0	
ENDTRNS	
TRNS	INVOICE	05/27/2021	Truck: 1542	Accounts Receivable	154	0	83553	
SPL	INVOICE	05/27/2021	H2	Sales Income	154	0.0	83553	0.1	0.0	
ENDTRNS	
TRNS	INVOICE	05/27/2021	Truck: 182	Accounts Receivable	182	421.34	83554	
SPL	INVOICE	05/27/2021	DC	Sales Income	182	-421.34	83554	9.24	45.6	
ENDTRNS	
TRNS	INVOICE	05/27/2021	Truck: 154bill	Accounts Receivable	154	0	83555	
SPL	INVOICE	05/27/2021	H2	Sales Income	154	0.0	83555	0.12	0.0	
ENDTRNS	
TRNS	INVOICE	05/27/2021	Truck: davis	Accounts Receivable	182	143.18	83556	
SPL	INVOICE	05/27/2021	DC	Sales Income	182	-143.18	83556	3.14	45.6	
ENDTRNS	
TRNS	INVOICE	05/27/2021	Truck: 1921-C	Accounts Receivable	162	0	83557	
SPL	INVOICE	05/27/2021	H-2	Sales Income	162	0.0	83557	8.52	0.0	
ENDTRNS	
TRNS	INVOICE	05/27/2021	Truck: 154	Accounts Receivable	154	0	83558	
SPL	INVOICE	05/27/2021	I-2	Sales Income	154	0.0	83558	0.78	0.0	
ENDTRNS	
TRNS	INVOICE	05/27/2021	Truck: 154	Accounts Receivable	154	0	83559	
SPL	INVOICE	05/27/2021	H-2	Sales Income	154	0.0	83559	0.17	0.0	
ENDTRNS	
TRNS	INVOICE	05/27/2021	Truck: 1542	Accounts Receivable	154	0	83560	
SPL	INVOICE	05/27/2021	I-2	Sales Income	154	0.0	83560	0.23	0.0	
ENDTRNS	
TRNS	INVOICE	05/27/2021	Truck: 246	Accounts Receivable	154	0	83561	
SPL	INVOICE	05/27/2021	H2	Sales Income	154	0.0	83561	0.12	0.0	
ENDTRNS	
TRNS	INVOICE	05/27/2021	Truck: 162ww13	Accounts Receivable	162	0	83562	
SPL	INVOICE	05/27/2021	i-2	Sales Income	162	0.0	83562	4.55	0.0	
ENDTRNS	
TRNS	INVOICE	05/27/2021	Truck: 154	Accounts Receivable	154	0	83563	
SPL	INVOICE	05/27/2021	I-2	Sales Income	154	0.0	83563	0.13	0.0	
ENDTRNS	
TRNS	INVOICE	05/27/2021	Truck: 67	Accounts Receivable	154	0	83564	
SPL	INVOICE	05/27/2021	H2	Sales Income	154	0.0	83564	0.6	0.0	
ENDTRNS	
TRNS	INVOICE	05/27/2021	Truck: 1001calcom	Accounts Receivable	240	285.91	83565	
SPL	INVOICE	05/27/2021	H1	Sales Income	240	-285.91	83565	6.27	45.6	
ENDTRNS	
TRNS	INVOICE	05/27/2021	Truck: jeep	Accounts Receivable	154	0	83566	
SPL	INVOICE	05/27/2021	H2	Sales Income	154	0.0	83566	0.11	0.0	
ENDTRNS	
TRNS	INVOICE	05/27/2021	Truck: davis	Accounts Receivable	182	96.22	83567	
SPL	INVOICE	05/27/2021	DC	Sales Income	182	-96.22	83567	2.11	45.6	
ENDTRNS	
TRNS	INVOICE	05/27/2021	Truck: 1547	Accounts Receivable	154	0	83568	
SPL	INVOICE	05/27/2021	H2	Sales Income	154	0.0	83568	0.2	0.0	
ENDTRNS	
TRNS	INVOICE	05/27/2021	Truck: 1548	Accounts Receivable	154	0	83569	
SPL	INVOICE	05/27/2021	H2	Sales Income	154	0.0	83569	0.33	0.0	
ENDTRNS	
TRNS	INVOICE	05/27/2021	Truck: 1549	Accounts Receivable	154	0	83570	
SPL	INVOICE	05/27/2021	H2	Sales Income	154	0.0	83570	0.05	0.0	
ENDTRNS	
TRNS	INVOICE	05/27/2021	Truck: 1921-O	Accounts Receivable	162	0	83571	
SPL	INVOICE	05/27/2021	H-2	Sales Income	162	0.0	83571	0.93	0.0	
ENDTRNS	
TRNS	INVOICE	05/27/2021	Truck: 154ram	Accounts Receivable	154	0	83572	
SPL	INVOICE	05/27/2021	H2	Sales Income	154	0.0	83572	0.69	0.0	
ENDTRNS	
TRNS	INVOICE	05/27/2021	Truck: 1545	Accounts Receivable	154	0	83573	
SPL	INVOICE	05/27/2021	H2	Sales Income	154	0.0	83573	0.31	0.0	
ENDTRNS	
TRNS	INVOICE	05/27/2021	Truck: 154	Accounts Receivable	154	0	83574	
SPL	INVOICE	05/27/2021	H-2	Sales Income	154	0.0	83574	1.66	0.0	
ENDTRNS	
TRNS	INVOICE	05/27/2021	Truck: 182	Accounts Receivable	182	73.87	83575	
SPL	INVOICE	05/27/2021	DC	Sales Income	182	-73.87	83575	1.62	45.6	
ENDTRNS	
TRNS	INVOICE	05/27/2021	Truck: 154whi	Accounts Receivable	154	0	83576	
SPL	INVOICE	05/27/2021	H2	Sales Income	154	0.0	83576	0.01	0.0	
ENDTRNS	
TRNS	INVOICE	05/27/2021	Truck: 154red	Accounts Receivable	154	0	83577	
SPL	INVOICE	05/27/2021	I-2	Sales Income	154	0.0	83577	0.05	0.0	
ENDTRNS	
TRNS	INVOICE	05/27/2021	Truck: 1 2 3	Accounts Receivable	154	0	83578	
SPL	INVOICE	05/27/2021	H-2	Sales Income	154	0.0	83578	4.09	0.0	
ENDTRNS	
TRNS	INVOICE	05/27/2021	Truck: 1895	Accounts Receivable	173	0	83579	
SPL	INVOICE	05/27/2021	H-3	Sales Income	173	0.0	83579	32.29	0.0	
ENDTRNS	
TRNS	INVOICE	05/27/2021	Truck: ABC	Accounts Receivable	243	0	83580	
SPL	INVOICE	05/27/2021	H-4	Sales Income	243	0.0	83580	7.5	0.0	
ENDTRNS	
TRNS	INVOICE	05/27/2021	Truck: 1906	Accounts Receivable	162	0	83581	
SPL	INVOICE	05/27/2021	H-2	Sales Income	162	0.0	83581	5.99	0.0	
ENDTRNS	
TRNS	INVOICE	05/27/2021	Truck: 154	Accounts Receivable	154	0	83582	
SPL	INVOICE	05/27/2021	H-2	Sales Income	154	0.0	83582	0.26	0.0	
ENDTRNS	
TRNS	INVOICE	05/27/2021	Truck: Renee 2	Accounts Receivable	194	17.33	83583	
SPL	INVOICE	05/27/2021	H1	Sales Income	194	-17.33	83583	0.38	45.61	
ENDTRNS	
TRNS	INVOICE	05/27/2021	Truck: 1001calcom	Accounts Receivable	240	86.64	83584	
SPL	INVOICE	05/27/2021	DC	Sales Income	240	-86.64	83584	1.9	45.6	
ENDTRNS	
TRNS	INVOICE	05/27/2021	Truck: 1923	Accounts Receivable	162	0	83585	
SPL	INVOICE	05/27/2021	H-2	Sales Income	162	0.0	83585	6.72	0.0	
ENDTRNS	
TRNS	INVOICE	05/27/2021	Truck: 1921-C	Accounts Receivable	162	0	83586	
SPL	INVOICE	05/27/2021	H-2	Sales Income	162	0.0	83586	4.25	0.0	
ENDTRNS	
TRNS	INVOICE	05/27/2021	Truck: 1907	Accounts Receivable	162	0	83587	
SPL	INVOICE	05/27/2021	H-2	Sales Income	162	0.0	83587	1.77	0.0	
ENDTRNS	
TRNS	INVOICE	05/27/2021	Truck: 1904	Accounts Receivable	162	0	83588	
SPL	INVOICE	05/27/2021	H-2	Sales Income	162	0.0	83588	6.11	0.0	
ENDTRNS	
TRNS	INVOICE	05/27/2021	Truck: 1542	Accounts Receivable	154	0	83589	
SPL	INVOICE	05/27/2021	H2	Sales Income	154	0.0	83589	0.02	0.0	
ENDTRNS	
TRNS	INVOICE	05/27/2021	Truck: 154gre	Accounts Receivable	154	0	83590	
SPL	INVOICE	05/27/2021	H2	Sales Income	154	0.0	83590	0.26	0.0	
ENDTRNS	
TRNS	INVOICE	05/27/2021	Truck: igreen	Accounts Receivable	239	217.97	83591	
SPL	INVOICE	05/27/2021	DC	Sales Income	239	-217.97	83591	4.78	45.6	
ENDTRNS	
TRNS	INVOICE	05/27/2021	Truck: 154red	Accounts Receivable	154	0	83592	
SPL	INVOICE	05/27/2021	I-2	Sales Income	154	0.0	83592	0.98	0.0	
ENDTRNS	
TRNS	INVOICE	05/27/2021	Truck: 182blu	Accounts Receivable	154	0	83593	
SPL	INVOICE	05/27/2021	H2	Sales Income	154	0.0	83593	0.07	0.0	
ENDTRNS	
TRNS	INVOICE	05/27/2021	Truck: 154bluish	Accounts Receivable	154	0	83594	
SPL	INVOICE	05/27/2021	H2	Sales Income	154	0.0	83594	0.12	0.0	
ENDTRNS	
TRNS	INVOICE	05/27/2021	Truck: 182	Accounts Receivable	182	5.47	83595	
SPL	INVOICE	05/27/2021	DC	Sales Income	182	-5.47	83595	0.12	45.58	
ENDTRNS	
TRNS	INVOICE	05/27/2021	Truck: 154blk	Accounts Receivable	154	0	83596	
SPL	INVOICE	05/27/2021	W-1 (White Goods )	Sales Income	154	0.0	83596	0.07	0.0	
ENDTRNS	
TRNS	INVOICE	05/27/2021	Truck: 1907	Accounts Receivable	162	0	83597	
SPL	INVOICE	05/27/2021	H-2	Sales Income	162	0.0	83597	6.87	0.0	
ENDTRNS	
TRNS	INVOICE	05/27/2021	Truck: 1921-C	Accounts Receivable	162	0	83598	
SPL	INVOICE	05/27/2021	H-2	Sales Income	162	0.0	83598	4.6	0.0	
ENDTRNS	
TRNS	INVOICE	05/28/2021	Truck: 182	Accounts Receivable	182	0	83599	
SPL	INVOICE	05/28/2021	H2	Sales Income	182	0.0	83599	0.45	0.0	
ENDTRNS	
TRNS	INVOICE	05/27/2021	Truck: 1547	Accounts Receivable	154	0	83600	
SPL	INVOICE	05/27/2021	H2	Sales Income	154	0.0	83600	0.05	0.0	
ENDTRNS	
TRNS	INVOICE	05/27/2021	Truck: 1822	Accounts Receivable	182	25.08	83601	
SPL	INVOICE	05/27/2021	DC	Sales Income	182	-25.08	83601	0.55	45.6	
ENDTRNS	
TRNS	INVOICE	05/27/2021	Truck: 100154	Accounts Receivable	154	0	83602	
SPL	INVOICE	05/27/2021	I-2	Sales Income	154	0.0	83602	0.13	0.0	
ENDTRNS	
TRNS	INVOICE	05/27/2021	Truck: 182red	Accounts Receivable	154	0	83603	
SPL	INVOICE	05/27/2021	H2	Sales Income	154	0.0	83603	0.42	0.0	
ENDTRNS	
TRNS	INVOICE	05/27/2021	Truck: 1895	Accounts Receivable	173	0	83604	
SPL	INVOICE	05/27/2021	H-3	Sales Income	173	0.0	83604	27.89	0.0	
ENDTRNS	
TRNS	INVOICE	05/28/2021	Truck: 1001calcom	Accounts Receivable	240	117.19	83605	
SPL	INVOICE	05/28/2021	H1	Sales Income	240	-117.19	83605	2.57	45.6	
ENDTRNS	
TRNS	INVOICE	05/28/2021	Truck: 154	Accounts Receivable	154	0	83606	
SPL	INVOICE	05/28/2021	H-2	Sales Income	154	0.0	83606	0.77	0.0	
ENDTRNS	
TRNS	INVOICE	05/28/2021	Truck: 1542	Accounts Receivable	154	0	83607	
SPL	INVOICE	05/28/2021	I-2	Sales Income	154	0.0	83607	0.06	0.0	
ENDTRNS	
TRNS	INVOICE	05/28/2021	Truck: 1543	Accounts Receivable	154	0	83608	
SPL	INVOICE	05/28/2021	H2	Sales Income	154	0.0	83608	2.66	0.0	
ENDTRNS	
TRNS	INVOICE	05/28/2021	Truck: 182	Accounts Receivable	182	12.77	83609	
SPL	INVOICE	05/28/2021	DC	Sales Income	182	-12.77	83609	0.28	45.61	
ENDTRNS	
TRNS	INVOICE	05/28/2021	Truck: junkmanj	Accounts Receivable	182	76.61	83610	
SPL	INVOICE	05/28/2021	DC	Sales Income	182	-76.61	83610	1.68	45.6	
ENDTRNS	
TRNS	INVOICE	05/28/2021	Truck: 1547	Accounts Receivable	154	0	83611	
SPL	INVOICE	05/28/2021	H2	Sales Income	154	0.0	83611	0.05	0.0	
ENDTRNS	
TRNS	INVOICE	05/28/2021	Truck: 677182	Accounts Receivable	182	20.52	83612	
SPL	INVOICE	05/28/2021	DC	Sales Income	182	-20.52	83612	0.45	45.6	
ENDTRNS	
TRNS	INVOICE	05/28/2021	Truck: van	Accounts Receivable	182	0	83613	
SPL	INVOICE	05/28/2021	H2	Sales Income	182	0.0	83613	0.04	0.0	
ENDTRNS	
TRNS	INVOICE	05/28/2021	Truck: 205	Accounts Receivable	182	0	83614	
SPL	INVOICE	05/28/2021	H2	Sales Income	182	0.0	83614	0.07	0.0	
ENDTRNS	
TRNS	INVOICE	05/28/2021	Truck: 1895	Accounts Receivable	173	0	83615	
SPL	INVOICE	05/28/2021	H-3	Sales Income	173	0.0	83615	26.82	0.0	
ENDTRNS	
TRNS	INVOICE	05/28/2021	Truck: 1921-C	Accounts Receivable	162	0	83616	
SPL	INVOICE	05/28/2021	H-2	Sales Income	162	0.0	83616	4.76	0.0	
ENDTRNS	
TRNS	INVOICE	05/28/2021	Truck: 182moye	Accounts Receivable	182	20.52	83617	
SPL	INVOICE	05/28/2021	DC	Sales Income	182	-20.52	83617	0.45	45.6	
ENDTRNS	
TRNS	INVOICE	05/28/2021	Truck: 154dog	Accounts Receivable	154	0	83618	
SPL	INVOICE	05/28/2021	H2	Sales Income	154	0.0	83618	0.13	0.0	
ENDTRNS	
TRNS	INVOICE	05/28/2021	Truck: 154	Accounts Receivable	154	0	83619	
SPL	INVOICE	05/28/2021	H-2	Sales Income	154	0.0	83619	0.28	0.0	
ENDTRNS	
TRNS	INVOICE	05/28/2021	Truck: 1549	Accounts Receivable	154	0	83620	
SPL	INVOICE	05/28/2021	H2	Sales Income	154	0.0	83620	0.29	0.0	
ENDTRNS	
TRNS	INVOICE	05/28/2021	Truck: 154orangie	Accounts Receivable	154	0	83621	
SPL	INVOICE	05/28/2021	I-2	Sales Income	154	0.0	83621	0.05	0.0	
ENDTRNS	
TRNS	INVOICE	05/28/2021	Truck: 1001JCG20y	Accounts Receivable	240	100.32	83622	
SPL	INVOICE	05/28/2021	H1	Sales Income	240	-100.32	83622	2.2	45.6	
ENDTRNS	
TRNS	INVOICE	05/28/2021	Truck: tou	Accounts Receivable	154	0	83623	
SPL	INVOICE	05/28/2021	H2	Sales Income	154	0.0	83623	0.24	0.0	
ENDTRNS	
TRNS	INVOICE	05/28/2021	Truck: junkman	Accounts Receivable	182	10.94	83624	
SPL	INVOICE	05/28/2021	DC	Sales Income	182	-10.94	83624	0.24	45.58	
ENDTRNS	
TRNS	INVOICE	05/28/2021	Truck: 46182	Accounts Receivable	154	9.12	83625	
SPL	INVOICE	05/28/2021	DC	Sales Income	154	-9.12	83625	0.2	45.6	
ENDTRNS	
TRNS	INVOICE	05/28/2021	Truck: Ram	Accounts Receivable	154	0	83626	
SPL	INVOICE	05/28/2021	H2	Sales Income	154	0.0	83626	0.08	0.0	
ENDTRNS	
TRNS	INVOICE	05/28/2021	Truck: 182	Accounts Receivable	182	185.14	83627	
SPL	INVOICE	05/28/2021	DC	Sales Income	182	-185.14	83627	4.06	45.6	
ENDTRNS	
TRNS	INVOICE	05/28/2021	Truck: 154dog	Accounts Receivable	154	0	83628	
SPL	INVOICE	05/28/2021	H2	Sales Income	154	0.0	83628	0.05	0.0	
ENDTRNS	
TRNS	INVOICE	05/28/2021	Truck: 1822	Accounts Receivable	182	0	83629	
SPL	INVOICE	05/28/2021	H2	Sales Income	182	0.0	83629	0.09	0.0	
ENDTRNS	
TRNS	INVOICE	05/28/2021	Truck: 1548	Accounts Receivable	154	0	83630	
SPL	INVOICE	05/28/2021	I-2	Sales Income	154	0.0	83630	0.21	0.0	
ENDTRNS	
TRNS	INVOICE	05/28/2021	Truck: 154	Accounts Receivable	154	0	83631	
SPL	INVOICE	05/28/2021	I-2	Sales Income	154	0.0	83631	0.01	0.0	
ENDTRNS	
TRNS	INVOICE	05/28/2021	Truck: 1542	Accounts Receivable	154	0	83632	
SPL	INVOICE	05/28/2021	H2	Sales Income	154	0.0	83632	0.38	0.0	
ENDTRNS	
TRNS	INVOICE	05/28/2021	Truck: 182dump	Accounts Receivable	182	128.14	83633	
SPL	INVOICE	05/28/2021	DC	Sales Income	182	-128.14	83633	2.81	45.6	
ENDTRNS	
TRNS	INVOICE	05/28/2021	Truck: 39154	Accounts Receivable	154	0	83634	
SPL	INVOICE	05/28/2021	H2	Sales Income	154	0.0	83634	0.23	0.0	
ENDTRNS	
TRNS	INVOICE	05/28/2021	Truck: 154tunda	Accounts Receivable	154	0	83635	
SPL	INVOICE	05/28/2021	I-2	Sales Income	154	0.0	83635	0.43	0.0	
ENDTRNS	
TRNS	INVOICE	05/28/2021	Truck: 1895	Accounts Receivable	173	0	83636	
SPL	INVOICE	05/28/2021	H-3	Sales Income	173	0.0	83636	23.51	0.0	
ENDTRNS	
TRNS	INVOICE	05/28/2021	Truck: 236 outdoo	Accounts Receivable	236	130.87	83637	
SPL	INVOICE	05/28/2021	DC	Sales Income	236	-130.87	83637	2.87	45.6	
ENDTRNS	
TRNS	INVOICE	05/28/2021	Truck: dogs	Accounts Receivable	154	0	83638	
SPL	INVOICE	05/28/2021	H2	Sales Income	154	0.0	83638	1.9	0.0	
ENDTRNS	
TRNS	INVOICE	05/28/2021	Truck: Renee 2	Accounts Receivable	194	12.31	83639	
SPL	INVOICE	05/28/2021	H1	Sales Income	194	-12.31	83639	0.27	45.59	
ENDTRNS	
TRNS	INVOICE	05/28/2021	Truck: 182green	Accounts Receivable	182	0	83640	
SPL	INVOICE	05/28/2021	H2	Sales Income	182	0.0	83640	0.01	0.0	
ENDTRNS	
TRNS	INVOICE	05/28/2021	Truck: 1097	Accounts Receivable	154	0	83641	
SPL	INVOICE	05/28/2021	H2	Sales Income	154	0.0	83641	0.29	0.0	
ENDTRNS	
TRNS	INVOICE	05/28/2021	Truck: 1921-C	Accounts Receivable	162	0	83642	
SPL	INVOICE	05/28/2021	H-2	Sales Income	162	0.0	83642	4.33	0.0	
ENDTRNS	
TRNS	INVOICE	05/28/2021	Truck: 1920	Accounts Receivable	162	0	83643	
SPL	INVOICE	05/28/2021	H-2	Sales Income	162	0.0	83643	6.43	0.0	
ENDTRNS	
TRNS	INVOICE	05/28/2021	Truck: 1907	Accounts Receivable	162	0	83644	
SPL	INVOICE	05/28/2021	H-2	Sales Income	162	0.0	83644	10.89	0.0	
ENDTRNS	
TRNS	INVOICE	05/28/2021	Truck: 1904	Accounts Receivable	162	0	83645	
SPL	INVOICE	05/28/2021	H-2	Sales Income	162	0.0	83645	7.83	0.0	
ENDTRNS	
TRNS	INVOICE	05/28/2021	Truck: 1905	Accounts Receivable	162	0	83646	
SPL	INVOICE	05/28/2021	H-2	Sales Income	162	0.0	83646	7.94	0.0	
ENDTRNS	
TRNS	INVOICE	05/28/2021	Truck: 521154	Accounts Receivable	154	0	83647	
SPL	INVOICE	05/28/2021	H2	Sales Income	154	0.0	83647	0.03	0.0	
ENDTRNS	
TRNS	INVOICE	05/28/2021	Truck: 154	Accounts Receivable	154	0	83648	
SPL	INVOICE	05/28/2021	H-2	Sales Income	154	0.0	83648	0.28	0.0	
ENDTRNS	
TRNS	INVOICE	05/28/2021	Truck: 154west	Accounts Receivable	154	0	83649	
SPL	INVOICE	05/28/2021	H2	Sales Income	154	0.0	83649	0.21	0.0	
ENDTRNS	
TRNS	INVOICE	05/28/2021	Truck: 182	Accounts Receivable	182	0	83650	
SPL	INVOICE	05/28/2021	H2	Sales Income	182	0.0	83650	0	0.0	
ENDTRNS	
TRNS	INVOICE	05/28/2021	Truck: Co H 3	Accounts Receivable	154	0	83651	
SPL	INVOICE	05/28/2021	H-2	Sales Income	154	0.0	83651	0.07	0.0	
ENDTRNS	
TRNS	INVOICE	05/28/2021	Truck: 182hotrub	Accounts Receivable	182	19.15	83652	
SPL	INVOICE	05/28/2021	DC	Sales Income	182	-19.15	83652	0.42	45.6	
ENDTRNS	
TRNS	INVOICE	05/28/2021	Truck: 2000	Accounts Receivable	154	0	83653	
SPL	INVOICE	05/28/2021	H2	Sales Income	154	0.0	83653	0.4	0.0	
ENDTRNS	
TRNS	INVOICE	05/28/2021	Truck: 154	Accounts Receivable	154	0	83654	
SPL	INVOICE	05/28/2021	I-2	Sales Income	154	0.0	83654	0.18	0.0	
ENDTRNS	
TRNS	INVOICE	05/28/2021	Truck: 1549	Accounts Receivable	154	0	83655	
SPL	INVOICE	05/28/2021	H2	Sales Income	154	0.0	83655	0.04	0.0	
ENDTRNS	
TRNS	INVOICE	05/28/2021	Truck: 154nasty	Accounts Receivable	154	0	83656	
SPL	INVOICE	05/28/2021	H2	Sales Income	154	0.0	83656	0.15	0.0	
ENDTRNS	
TRNS	INVOICE	05/28/2021	Truck: 182blu	Accounts Receivable	154	0	83657	
SPL	INVOICE	05/28/2021	H2	Sales Income	154	0.0	83657	0.05	0.0	
ENDTRNS	
TRNS	INVOICE	05/28/2021	Truck: 8182	Accounts Receivable	182	0	83658	
SPL	INVOICE	05/28/2021	DC	Sales Income	182	0.0	83658	0.01	0.0	
ENDTRNS	
TRNS	INVOICE	05/28/2021	Truck: Co H 3	Accounts Receivable	154	0	83659	
SPL	INVOICE	05/28/2021	H-2	Sales Income	154	0.0	83659	0.03	0.0	
ENDTRNS	
TRNS	INVOICE	05/28/2021	Truck: 1906	Accounts Receivable	162	0	83660	
SPL	INVOICE	05/28/2021	H-2	Sales Income	162	0.0	83660	10.08	0.0	
ENDTRNS	
TRNS	INVOICE	05/28/2021	Truck: jeeporange	Accounts Receivable	154	0	83661	
SPL	INVOICE	05/28/2021	H2	Sales Income	154	0.0	83661	0.2	0.0	
ENDTRNS	
TRNS	INVOICE	05/28/2021	Truck: 154	Accounts Receivable	154	0	83662	
SPL	INVOICE	05/28/2021	H-2	Sales Income	154	0.0	83662	0.25	0.0	
ENDTRNS	
TRNS	INVOICE	05/28/2021	Truck: blu	Accounts Receivable	154	0	83663	
SPL	INVOICE	05/28/2021	I-2	Sales Income	154	0.0	83663	0.22	0.0	
ENDTRNS	
TRNS	INVOICE	05/28/2021	Truck: 154grey	Accounts Receivable	154	0	83664	
SPL	INVOICE	05/28/2021	H2	Sales Income	154	0.0	83664	0.1	0.0	
ENDTRNS	
TRNS	INVOICE	05/28/2021	Truck: 182	Accounts Receivable	182	49.7	83665	
SPL	INVOICE	05/28/2021	DC	Sales Income	182	-49.7	83665	1.09	45.6	
ENDTRNS	
TRNS	INVOICE	05/28/2021	Truck: 154	Accounts Receivable	154	0	83666	
SPL	INVOICE	05/28/2021	H-2	Sales Income	154	0.0	83666	0.76	0.0	
ENDTRNS	
TRNS	INVOICE	05/28/2021	Truck: 182bugg	Accounts Receivable	182	10.03	83667	
SPL	INVOICE	05/28/2021	DC	Sales Income	182	-10.03	83667	0.22	45.59	
ENDTRNS	
TRNS	INVOICE	05/28/2021	Truck: 1547	Accounts Receivable	154	0	83668	
SPL	INVOICE	05/28/2021	I-2	Sales Income	154	0.0	83668	0.31	0.0	
ENDTRNS	
TRNS	INVOICE	05/28/2021	Truck: 154junk	Accounts Receivable	154	0	83669	
SPL	INVOICE	05/28/2021	H2	Sales Income	154	0.0	83669	0.23	0.0	
ENDTRNS	
TRNS	INVOICE	05/28/2021	Truck: 1895	Accounts Receivable	173	0	83670	
SPL	INVOICE	05/28/2021	H-3	Sales Income	173	0.0	83670	28.25	0.0	
ENDTRNS	
TRNS	INVOICE	05/28/2021	Truck: 154	Accounts Receivable	154	41.95	83671	
SPL	INVOICE	05/28/2021	DC	Sales Income	154	-41.95	83671	0.92	45.6	
ENDTRNS	
TRNS	INVOICE	05/29/2021	Truck: 154	Accounts Receivable	154	0	83672	
SPL	INVOICE	05/29/2021	H-2	Sales Income	154	0.0	83672	0.19	0.0	
ENDTRNS	
TRNS	INVOICE	05/29/2021	Truck: 1542	Accounts Receivable	154	0	83673	
SPL	INVOICE	05/29/2021	H2	Sales Income	154	0.0	83673	0.13	0.0	
ENDTRNS	
TRNS	INVOICE	05/29/2021	Truck: 154	Accounts Receivable	154	0	83674	
SPL	INVOICE	05/29/2021	I-2	Sales Income	154	0.0	83674	0.1	0.0	
ENDTRNS	
TRNS	INVOICE	05/29/2021	Truck: Rol	Accounts Receivable	154	0	83675	
SPL	INVOICE	05/29/2021	H2	Sales Income	154	0.0	83675	0.05	0.0	
ENDTRNS	
TRNS	INVOICE	05/29/2021	Truck: 182	Accounts Receivable	182	5.47	83676	
SPL	INVOICE	05/29/2021	DC	Sales Income	182	-5.47	83676	0.12	45.58	
ENDTRNS	
TRNS	INVOICE	05/29/2021	Truck: 1547	Accounts Receivable	154	0	83677	
SPL	INVOICE	05/29/2021	H2	Sales Income	154	0.0	83677	0.32	0.0	
ENDTRNS	
TRNS	INVOICE	05/29/2021	Truck: 154	Accounts Receivable	154	0	83678	
SPL	INVOICE	05/29/2021	H-2	Sales Income	154	0.0	83678	0.01	0.0	
ENDTRNS	
TRNS	INVOICE	05/29/2021	Truck: 252185	Accounts Receivable	154	0	83679	
SPL	INVOICE	05/29/2021	I-2	Sales Income	154	0.0	83679	0.02	0.0	
ENDTRNS	
TRNS	INVOICE	05/29/2021	Truck: 182	Accounts Receivable	182	29.64	83680	
SPL	INVOICE	05/29/2021	DC	Sales Income	182	-29.64	83680	0.65	45.6	
ENDTRNS	
TRNS	INVOICE	05/29/2021	Truck: 182	Accounts Receivable	182	14.14	83681	
SPL	INVOICE	05/29/2021	DC	Sales Income	182	-14.14	83681	0.31	45.61	
ENDTRNS	
TRNS	INVOICE	05/29/2021	Truck: 1547	Accounts Receivable	154	0	83682	
SPL	INVOICE	05/29/2021	H2	Sales Income	154	0.0	83682	0.04	0.0	
ENDTRNS	
TRNS	INVOICE	05/29/2021	Truck: 154	Accounts Receivable	154	0	83683	
SPL	INVOICE	05/29/2021	W-1 (White Goods )	Sales Income	154	0.0	83683	0.1	0.0	
ENDTRNS	
TRNS	INVOICE	05/29/2021	Truck: 1543	Accounts Receivable	154	0	83684	
SPL	INVOICE	05/29/2021	H2	Sales Income	154	0.0	83684	0.28	0.0	
ENDTRNS	
TRNS	INVOICE	05/29/2021	Truck: 154ben	Accounts Receivable	154	0	83685	
SPL	INVOICE	05/29/2021	H2	Sales Income	154	0.0	83685	0.24	0.0	
ENDTRNS	
TRNS	INVOICE	05/29/2021	Truck: 1822	Accounts Receivable	182	10.03	83686	
SPL	INVOICE	05/29/2021	DC	Sales Income	182	-10.03	83686	0.22	45.59	
ENDTRNS	
TRNS	INVOICE	05/29/2021	Truck: 2952182	Accounts Receivable	182	28.73	83687	
SPL	INVOICE	05/29/2021	DC	Sales Income	182	-28.73	83687	0.63	45.6	
ENDTRNS	
TRNS	INVOICE	05/29/2021	Truck: 154	Accounts Receivable	154	0	83688	
SPL	INVOICE	05/29/2021	H-2	Sales Income	154	0.0	83688	0.09	0.0	
ENDTRNS	
TRNS	INVOICE	05/29/2021	Truck: 154blk	Accounts Receivable	154	0	83689	
SPL	INVOICE	05/29/2021	I-2	Sales Income	154	0.0	83689	1.04	0.0	
ENDTRNS	
TRNS	INVOICE	05/29/2021	Truck: 182	Accounts Receivable	182	108.53	83690	
SPL	INVOICE	05/29/2021	DC	Sales Income	182	-108.53	83690	2.38	45.6	
ENDTRNS	
TRNS	INVOICE	05/29/2021	Truck: 154car	Accounts Receivable	154	0	83691	
SPL	INVOICE	05/29/2021	I-2	Sales Income	154	0.0	83691	0.14	0.0	
ENDTRNS	
TRNS	INVOICE	05/29/2021	Truck: 154tan	Accounts Receivable	154	0	83692	
SPL	INVOICE	05/29/2021	H2	Sales Income	154	0.0	83692	0.13	0.0	
ENDTRNS	
TRNS	INVOICE	05/29/2021	Truck: 1549	Accounts Receivable	154	0	83693	
SPL	INVOICE	05/29/2021	I-2	Sales Income	154	0.0	83693	0.13	0.0	
ENDTRNS	
TRNS	INVOICE	05/29/2021	Truck: 17983	Accounts Receivable	182	173.28	83694	
SPL	INVOICE	05/29/2021	DC	Sales Income	182	-173.28	83694	3.8	45.6	
ENDTRNS	
TRNS	INVOICE	05/29/2021	Truck: Ram	Accounts Receivable	154	0	83695	
SPL	INVOICE	05/29/2021	H2	Sales Income	154	0.0	83695	0.4	0.0	
ENDTRNS	
TRNS	INVOICE	05/29/2021	Truck: Car154	Accounts Receivable	154	0	83696	
SPL	INVOICE	05/29/2021	H2	Sales Income	154	0.0	83696	0.1	0.0	
ENDTRNS	
TRNS	INVOICE	05/29/2021	Truck: 154	Accounts Receivable	154	0	83697	
SPL	INVOICE	05/29/2021	H-2	Sales Income	154	0.0	83697	0.06	0.0	
ENDTRNS	
TRNS	INVOICE	05/29/2021	Truck: 210154	Accounts Receivable	154	0	83698	
SPL	INVOICE	05/29/2021	H2	Sales Income	154	0.0	83698	0.63	0.0	
ENDTRNS	
TRNS	INVOICE	05/29/2021	Truck: 182red	Accounts Receivable	154	0	83700	
SPL	INVOICE	05/29/2021	H2	Sales Income	154	0.0	83700	0.57	0.0	
ENDTRNS	
TRNS	INVOICE	05/29/2021	Truck: 657154	Accounts Receivable	154	0	83701	
SPL	INVOICE	05/29/2021	H2	Sales Income	154	0.0	83701	0.09	0.0	
ENDTRNS	
TRNS	INVOICE	05/29/2021	Truck: 141182	Accounts Receivable	154	52.44	83702	
SPL	INVOICE	05/29/2021	DC	Sales Income	154	-52.44	83702	1.15	45.6	
ENDTRNS	
TRNS	INVOICE	05/29/2021	Truck: 182	Accounts Receivable	182	21.89	83703	
SPL	INVOICE	05/29/2021	DC	Sales Income	182	-21.89	83703	0.48	45.6	
ENDTRNS	
TRNS	INVOICE	05/29/2021	Truck: 182	Accounts Receivable	154	0	83704	
SPL	INVOICE	05/29/2021	H2	Sales Income	154	0.0	83704	0.15	0.0	
ENDTRNS	
TRNS	INVOICE	05/29/2021	Truck: 154	Accounts Receivable	154	0	83705	
SPL	INVOICE	05/29/2021	H-2	Sales Income	154	0.0	83705	0.08	0.0	
ENDTRNS	
TRNS	INVOICE	05/29/2021	Truck: 182	Accounts Receivable	182	20.52	83706	
SPL	INVOICE	05/29/2021	DC	Sales Income	182	-20.52	83706	0.45	45.6	
ENDTRNS	
TRNS	INVOICE	05/29/2021	Truck: 1822	Accounts Receivable	154	139.08	83707	
SPL	INVOICE	05/29/2021	DC	Sales Income	154	-139.08	83707	3.05	45.6	
ENDTRNS	
TRNS	INVOICE	05/29/2021	Truck: 154tan	Accounts Receivable	154	0	83708	
SPL	INVOICE	05/29/2021	H2	Sales Income	154	0.0	83708	0.75	0.0	
ENDTRNS	
TRNS	INVOICE	05/29/2021	Truck: 1541	Accounts Receivable	154	0	83709	
SPL	INVOICE	05/29/2021	I-2	Sales Income	154	0.0	83709	0.71	0.0	
ENDTRNS	
TRNS	INVOICE	05/29/2021	Truck: 182	Accounts Receivable	182	6.38	83710	
SPL	INVOICE	05/29/2021	DC	Sales Income	182	-6.38	83710	0.14	45.57	
ENDTRNS	
TRNS	INVOICE	05/29/2021	Truck: 154	Accounts Receivable	154	0	83711	
SPL	INVOICE	05/29/2021	H-2	Sales Income	154	0.0	83711	1.68	0.0	
ENDTRNS	
TRNS	INVOICE	05/29/2021	Truck: 1542	Accounts Receivable	154	0	83712	
SPL	INVOICE	05/29/2021	H2	Sales Income	154	0.0	83712	0.14	0.0	
ENDTRNS	
TRNS	INVOICE	05/29/2021	Truck: 154	Accounts Receivable	154	0	83713	
SPL	INVOICE	05/29/2021	H-2	Sales Income	154	0.0	83713	0.1	0.0	
ENDTRNS	
TRNS	INVOICE	05/29/2021	Truck: 388154	Accounts Receivable	154	0	83714	
SPL	INVOICE	05/29/2021	W-1 (White Goods )	Sales Income	154	0.0	83714	0.12	0.0	
ENDTRNS	
TRNS	INVOICE	05/29/2021	Truck: bren	Accounts Receivable	154	0	83715	
SPL	INVOICE	05/29/2021	H2	Sales Income	154	0.0	83715	0.35	0.0	
ENDTRNS	
TRNS	INVOICE	05/29/2021	Truck: Adams	Accounts Receivable	154	0	83716	
SPL	INVOICE	05/29/2021	H2	Sales Income	154	0.0	83716	0.6	0.0	
ENDTRNS	
TRNS	INVOICE	05/29/2021	Truck: 154	Accounts Receivable	154	0	83717	
SPL	INVOICE	05/29/2021	I-2	Sales Income	154	0.0	83717	0.17	0.0	
ENDTRNS	
TRNS	INVOICE	05/29/2021	Truck: 182	Accounts Receivable	182	35.11	83718	
SPL	INVOICE	05/29/2021	DC	Sales Income	182	-35.11	83718	0.77	45.6	
ENDTRNS	
TRNS	INVOICE	05/29/2021	Truck: tan	Accounts Receivable	154	0	83719	
SPL	INVOICE	05/29/2021	H2	Sales Income	154	0.0	83719	0.28	0.0	
ENDTRNS	
