!TRNS	TRANSTYPE	DATE	MEMO	ACCNT	NAME	AMOUNT	DOCNUM	
!SPL	TRANSTYPE	DATE	MEMO	ACCNT	NAME	AMOUNT	DOCNUM	QNTY	PRICE	
!ENDTRNS	
TRNS	INVOICE	12/01/2021	Truck: 1706JCGcom	Accounts Receivable	240	72.96	94104	
SPL	INVOICE	12/01/2021	H1	Sales Income	240	-72.96	94104	1.6	45.6	
ENDTRNS	
TRNS	INVOICE	12/01/2021	Truck: 154ccolo	Accounts Receivable	154	0	94105	
SPL	INVOICE	12/01/2021	I-2	Sales Income	154	0.0	94105	0.05	0.0	
ENDTRNS	
TRNS	INVOICE	12/01/2021	Truck: 154wf150	Accounts Receivable	154	0	94106	
SPL	INVOICE	12/01/2021	H2	Sales Income	154	0.0	94106	0.15	0.0	
ENDTRNS	
TRNS	INVOICE	12/01/2021	Truck: 2664	Accounts Receivable	173	0	94107	
SPL	INVOICE	12/01/2021	H-3	Sales Income	173	0.0	94107	25.81	0.0	
ENDTRNS	
TRNS	INVOICE	12/01/2021	Truck: 238	Accounts Receivable	238	22.34	94108	
SPL	INVOICE	12/01/2021	DC	Sales Income	238	-22.34	94108	0.49	45.59	
ENDTRNS	
TRNS	INVOICE	12/01/2021	Truck: 154btac	Accounts Receivable	154	0	94109	
SPL	INVOICE	12/01/2021	H2	Sales Income	154	0.0	94109	0.09	0.0	
ENDTRNS	
TRNS	INVOICE	12/01/2021	Truck: 154bf150	Accounts Receivable	154	0	94110	
SPL	INVOICE	12/01/2021	H2	Sales Income	154	0.0	94110	0.03	0.0	
ENDTRNS	
TRNS	INVOICE	12/01/2021	Truck: 154rtac	Accounts Receivable	154	0	94111	
SPL	INVOICE	12/01/2021	H2	Sales Income	154	0.0	94111	0.03	0.0	
ENDTRNS	
TRNS	INVOICE	12/01/2021	Truck: 154stun	Accounts Receivable	154	0	94112	
SPL	INVOICE	12/01/2021	H2	Sales Income	154	0.0	94112	0.04	0.0	
ENDTRNS	
TRNS	INVOICE	12/01/2021	Truck: 154suv	Accounts Receivable	154	0	94113	
SPL	INVOICE	12/01/2021	H2	Sales Income	154	0.0	94113	0.02	0.0	
ENDTRNS	
TRNS	INVOICE	12/01/2021	Truck: 1133	Accounts Receivable	173	0	94114	
SPL	INVOICE	12/01/2021	H-3	Sales Income	173	0.0	94114	27.64	0.0	
ENDTRNS	
TRNS	INVOICE	12/01/2021	Truck: 154car	Accounts Receivable	154	0	94115	
SPL	INVOICE	12/01/2021	H2	Sales Income	154	0.0	94115	0.02	0.0	
ENDTRNS	
TRNS	INVOICE	12/01/2021	Truck: 154wf250/t	Accounts Receivable	154	0	94116	
SPL	INVOICE	12/01/2021	H2	Sales Income	154	0.0	94116	0.12	0.0	
ENDTRNS	
TRNS	INVOICE	12/01/2021	Truck: C 0 H 1	Accounts Receivable	154	0	94117	
SPL	INVOICE	12/01/2021	H-2	Sales Income	154	0.0	94117	0.37	0.0	
ENDTRNS	
TRNS	INVOICE	12/01/2021	Truck: 154w3500/t	Accounts Receivable	154	0	94118	
SPL	INVOICE	12/01/2021	H2	Sales Income	154	0.0	94118	0.49	0.0	
ENDTRNS	
TRNS	INVOICE	12/01/2021	Truck: 154rram/t	Accounts Receivable	182	62.47	94119	
SPL	INVOICE	12/01/2021	DC	Sales Income	182	-62.47	94119	1.37	45.6	
ENDTRNS	
TRNS	INVOICE	12/01/2021	Truck: 154rsier	Accounts Receivable	154	0	94120	
SPL	INVOICE	12/01/2021	H2	Sales Income	154	0.0	94120	0.03	0.0	
ENDTRNS	
TRNS	INVOICE	12/01/2021	Truck: 154w250	Accounts Receivable	154	0	94121	
SPL	INVOICE	12/01/2021	H2	Sales Income	154	0.0	94121	0.19	0.0	
ENDTRNS	
TRNS	INVOICE	12/01/2021	Truck: 182davis	Accounts Receivable	182	96.67	94122	
SPL	INVOICE	12/01/2021	DC	Sales Income	182	-96.67	94122	2.12	45.6	
ENDTRNS	
TRNS	INVOICE	12/01/2021	Truck: Renee 	Accounts Receivable	194	44.69	94123	
SPL	INVOICE	12/01/2021	H1	Sales Income	194	-44.69	94123	0.98	45.6	
ENDTRNS	
TRNS	INVOICE	12/01/2021	Truck: 1925	Accounts Receivable	162	0	94124	
SPL	INVOICE	12/01/2021	H-2	Sales Income	162	0.0	94124	7.94	0.0	
ENDTRNS	
TRNS	INVOICE	12/01/2021	Truck: 154bgmc	Accounts Receivable	154	0	94125	
SPL	INVOICE	12/01/2021	H2	Sales Income	154	0.0	94125	0.04	0.0	
ENDTRNS	
TRNS	INVOICE	12/01/2021	Truck: CoH2	Accounts Receivable	154	0	94126	
SPL	INVOICE	12/01/2021	I-2	Sales Income	154	0.0	94126	0.22	0.0	
ENDTRNS	
TRNS	INVOICE	12/01/2021	Truck: 154bf150	Accounts Receivable	154	0	94127	
SPL	INVOICE	12/01/2021	H2	Sales Income	154	0.0	94127	0.05	0.0	
ENDTRNS	
TRNS	INVOICE	12/01/2021	Truck: 1926 20 yd	Accounts Receivable	162	0	94128	
SPL	INVOICE	12/01/2021	H-2	Sales Income	162	0.0	94128	0.94	0.0	
ENDTRNS	
TRNS	INVOICE	12/01/2021	Truck: 154gsil	Accounts Receivable	154	0	94129	
SPL	INVOICE	12/01/2021	H2	Sales Income	154	0.0	94129	0.05	0.0	
ENDTRNS	
TRNS	INVOICE	12/01/2021	Truck: 154btoy	Accounts Receivable	154	0	94130	
SPL	INVOICE	12/01/2021	H2	Sales Income	154	0.0	94130	0.13	0.0	
ENDTRNS	
TRNS	INVOICE	12/01/2021	Truck: 154wf150	Accounts Receivable	154	0	94131	
SPL	INVOICE	12/01/2021	H2	Sales Income	154	0.0	94131	0.03	0.0	
ENDTRNS	
TRNS	INVOICE	12/01/2021	Truck: 154w4x4/t	Accounts Receivable	154	0	94132	
SPL	INVOICE	12/01/2021	H2	Sales Income	154	0.0	94132	0.1	0.0	
ENDTRNS	
TRNS	INVOICE	12/01/2021	Truck: 154gf350/t	Accounts Receivable	154	0	94133	
SPL	INVOICE	12/01/2021	H2	Sales Income	154	0.0	94133	0.86	0.0	
ENDTRNS	
TRNS	INVOICE	12/01/2021	Truck: 1133	Accounts Receivable	173	0	94134	
SPL	INVOICE	12/01/2021	H-3	Sales Income	173	0.0	94134	26.86	0.0	
ENDTRNS	
TRNS	INVOICE	12/01/2021	Truck: 182not4hir	Accounts Receivable	182	64.3	94135	
SPL	INVOICE	12/01/2021	DC	Sales Income	182	-64.3	94135	1.41	45.6	
ENDTRNS	
TRNS	INVOICE	12/01/2021	Truck: 154g2500hd	Accounts Receivable	154	0	94136	
SPL	INVOICE	12/01/2021	H2	Sales Income	154	0.0	94136	0.04	0.0	
ENDTRNS	
TRNS	INVOICE	12/01/2021	Truck: 154mram	Accounts Receivable	154	0	94137	
SPL	INVOICE	12/01/2021	H2	Sales Income	154	0.0	94137	0.11	0.0	
ENDTRNS	
TRNS	INVOICE	12/01/2021	Truck: 1905	Accounts Receivable	162	0	94138	
SPL	INVOICE	12/01/2021	H-2	Sales Income	162	0.0	94138	8.26	0.0	
ENDTRNS	
TRNS	INVOICE	12/01/2021	Truck: 154gsuv	Accounts Receivable	154	0	94139	
SPL	INVOICE	12/01/2021	H2	Sales Income	154	0.0	94139	0.01	0.0	
ENDTRNS	
TRNS	INVOICE	12/01/2021	Truck: 1926 O	Accounts Receivable	162	0	94140	
SPL	INVOICE	12/01/2021	H-2	Sales Income	162	0.0	94140	1.77	0.0	
ENDTRNS	
TRNS	INVOICE	12/01/2021	Truck: 154wf150	Accounts Receivable	154	0	94141	
SPL	INVOICE	12/01/2021	H2	Sales Income	154	0.0	94141	0.28	0.0	
ENDTRNS	
TRNS	INVOICE	12/01/2021	Truck: 154wniss	Accounts Receivable	154	0	94142	
SPL	INVOICE	12/01/2021	H2	Sales Income	154	0.0	94142	0.04	0.0	
ENDTRNS	
TRNS	INVOICE	12/01/2021	Truck: 154bz71	Accounts Receivable	154	0	94143	
SPL	INVOICE	12/01/2021	H2	Sales Income	154	0.0	94143	0.1	0.0	
ENDTRNS	
TRNS	INVOICE	12/01/2021	Truck: CoH2	Accounts Receivable	154	0	94144	
SPL	INVOICE	12/01/2021	I-2	Sales Income	154	0.0	94144	0.2	0.0	
ENDTRNS	
TRNS	INVOICE	12/01/2021	Truck: 154bf150/t	Accounts Receivable	154	0	94145	
SPL	INVOICE	12/01/2021	H2	Sales Income	154	0.0	94145	0.09	0.0	
ENDTRNS	
TRNS	INVOICE	12/01/2021	Truck: 154sf150/t	Accounts Receivable	154	0	94146	
SPL	INVOICE	12/01/2021	H2	Sales Income	154	0.0	94146	0.31	0.0	
ENDTRNS	
TRNS	INVOICE	12/01/2021	Truck: 154	Accounts Receivable	154	0	94147	
SPL	INVOICE	12/01/2021	H-2	Sales Income	154	0.0	94147	0.06	0.0	
ENDTRNS	
TRNS	INVOICE	12/01/2021	Truck: 1923	Accounts Receivable	162	0	94148	
SPL	INVOICE	12/01/2021	H-2	Sales Income	162	0.0	94148	12.3	0.0	
ENDTRNS	
TRNS	INVOICE	12/01/2021	Truck: 154bcsil	Accounts Receivable	154	0	94149	
SPL	INVOICE	12/01/2021	H2	Sales Income	154	0.0	94149	0.09	0.0	
ENDTRNS	
TRNS	INVOICE	12/01/2021	Truck: 154redram/	Accounts Receivable	182	48.79	94150	
SPL	INVOICE	12/01/2021	DC	Sales Income	182	-48.79	94150	1.07	45.6	
ENDTRNS	
TRNS	INVOICE	12/01/2021	Truck: 1925	Accounts Receivable	162	0	94151	
SPL	INVOICE	12/01/2021	H-2	Sales Income	162	0.0	94151	3.37	0.0	
ENDTRNS	
TRNS	INVOICE	12/01/2021	Truck: 154uhaul	Accounts Receivable	154	0	94152	
SPL	INVOICE	12/01/2021	H2	Sales Income	154	0.0	94152	0.02	0.0	
ENDTRNS	
TRNS	INVOICE	12/01/2021	Truck: 154mniss	Accounts Receivable	154	0	94153	
SPL	INVOICE	12/01/2021	H2	Sales Income	154	0.0	94153	0.13	0.0	
ENDTRNS	
TRNS	INVOICE	12/01/2021	Truck: 1924	Accounts Receivable	162	0	94154	
SPL	INVOICE	12/01/2021	H-2	Sales Income	162	0.0	94154	7.38	0.0	
ENDTRNS	
TRNS	INVOICE	12/01/2021	Truck: 154rran	Accounts Receivable	154	0	94155	
SPL	INVOICE	12/01/2021	H2	Sales Income	154	0.0	94155	0.21	0.0	
ENDTRNS	
TRNS	INVOICE	12/01/2021	Truck: 154rtoy	Accounts Receivable	154	0	94156	
SPL	INVOICE	12/01/2021	W-2 (White Goods)	Sales Income	154	0.0	94156	0.2	0.0	
ENDTRNS	
TRNS	INVOICE	12/01/2021	Truck: 154rf150	Accounts Receivable	154	0	94157	
SPL	INVOICE	12/01/2021	H2	Sales Income	154	0.0	94157	0.21	0.0	
ENDTRNS	
TRNS	INVOICE	12/01/2021	Truck: 154rram	Accounts Receivable	154	0	94158	
SPL	INVOICE	12/01/2021	H2	Sales Income	154	0.0	94158	0.05	0.0	
ENDTRNS	
TRNS	INVOICE	12/01/2021	Truck: 154notforh	Accounts Receivable	154	0	94159	
SPL	INVOICE	12/01/2021	I-2	Sales Income	154	0.0	94159	0.27	0.0	
ENDTRNS	
TRNS	INVOICE	12/01/2021	Truck: 154wram/t	Accounts Receivable	182	31.46	94160	
SPL	INVOICE	12/01/2021	DC	Sales Income	182	-31.46	94160	0.69	45.59	
ENDTRNS	
TRNS	INVOICE	12/01/2021	Truck: CoH2	Accounts Receivable	154	0	94161	
SPL	INVOICE	12/01/2021	I-2	Sales Income	154	0.0	94161	0.49	0.0	
ENDTRNS	
TRNS	INVOICE	12/01/2021	Truck: W-15	Accounts Receivable	164	0	94162	
SPL	INVOICE	12/01/2021	I-2	Sales Income	164	0.0	94162	3.88	0.0	
ENDTRNS	
TRNS	INVOICE	12/01/2021	Truck: 154sgmc	Accounts Receivable	154	0	94163	
SPL	INVOICE	12/01/2021	H2	Sales Income	154	0.0	94163	0.09	0.0	
ENDTRNS	
TRNS	INVOICE	12/01/2021	Truck: 154uhaul	Accounts Receivable	154	0	94164	
SPL	INVOICE	12/01/2021	H2	Sales Income	154	0.0	94164	0.19	0.0	
ENDTRNS	
TRNS	INVOICE	12/01/2021	Truck: 1906	Accounts Receivable	162	0	94165	
SPL	INVOICE	12/01/2021	H-2	Sales Income	162	0.0	94165	11.68	0.0	
ENDTRNS	
TRNS	INVOICE	12/01/2021	Truck: 154wram/t	Accounts Receivable	154	0	94166	
SPL	INVOICE	12/01/2021	H2	Sales Income	154	0.0	94166	0.07	0.0	
ENDTRNS	
TRNS	INVOICE	12/01/2021	Truck: 1133	Accounts Receivable	173	0	94167	
SPL	INVOICE	12/01/2021	H-3	Sales Income	173	0.0	94167	27.03	0.0	
ENDTRNS	
TRNS	INVOICE	12/02/2021	Truck: 154wf150	Accounts Receivable	154	0	94169	
SPL	INVOICE	12/02/2021	H2	Sales Income	154	0.0	94169	0.19	0.0	
ENDTRNS	
TRNS	INVOICE	12/02/2021	Truck: 1926 C	Accounts Receivable	162	0	94171	
SPL	INVOICE	12/02/2021	H-2	Sales Income	162	0.0	94171	7.68	0.0	
ENDTRNS	
TRNS	INVOICE	12/02/2021	Truck: 1001JCG20y	Accounts Receivable	240	82.99	94172	
SPL	INVOICE	12/02/2021	H1	Sales Income	240	-82.99	94172	1.82	45.6	
ENDTRNS	
TRNS	INVOICE	12/02/2021	Truck: 182wf350	Accounts Receivable	182	49.25	94173	
SPL	INVOICE	12/02/2021	DC	Sales Income	182	-49.25	94173	1.08	45.6	
ENDTRNS	
TRNS	INVOICE	12/02/2021	Truck: 154mf250/t	Accounts Receivable	154	0	94174	
SPL	INVOICE	12/02/2021	H2	Sales Income	154	0.0	94174	0.41	0.0	
ENDTRNS	
TRNS	INVOICE	12/02/2021	Truck: 238	Accounts Receivable	238	11.4	94175	
SPL	INVOICE	12/02/2021	DC	Sales Income	238	-11.4	94175	0.25	45.6	
ENDTRNS	
TRNS	INVOICE	12/02/2021	Truck: 154bf150/t	Accounts Receivable	154	0	94176	
SPL	INVOICE	12/02/2021	I-2	Sales Income	154	0.0	94176	0.09	0.0	
ENDTRNS	
TRNS	INVOICE	12/02/2021	Truck: 2664	Accounts Receivable	173	0	94177	
SPL	INVOICE	12/02/2021	H-3	Sales Income	173	0.0	94177	29.13	0.0	
ENDTRNS	
TRNS	INVOICE	12/02/2021	Truck: jwcland	Accounts Receivable	182	5.02	94178	
SPL	INVOICE	12/02/2021	DC	Sales Income	182	-5.02	94178	0.11	45.64	
ENDTRNS	
TRNS	INVOICE	12/02/2021	Truck: CoH2	Accounts Receivable	154	0	94179	
SPL	INVOICE	12/02/2021	I-2	Sales Income	154	0.0	94179	0.26	0.0	
ENDTRNS	
TRNS	INVOICE	12/02/2021	Truck: 1133	Accounts Receivable	173	0	94180	
SPL	INVOICE	12/02/2021	H-3	Sales Income	173	0.0	94180	25.99	0.0	
ENDTRNS	
TRNS	INVOICE	12/02/2021	Truck: 154bgmc/t	Accounts Receivable	182	15.5	94181	
SPL	INVOICE	12/02/2021	DC	Sales Income	182	-15.5	94181	0.34	45.59	
ENDTRNS	
TRNS	INVOICE	12/02/2021	Truck: 154bram/t	Accounts Receivable	182	55.18	94182	
SPL	INVOICE	12/02/2021	DC	Sales Income	182	-55.18	94182	1.21	45.6	
ENDTRNS	
TRNS	INVOICE	12/02/2021	Truck: 154suv/t	Accounts Receivable	154	0	94183	
SPL	INVOICE	12/02/2021	I-2	Sales Income	154	0.0	94183	0.14	0.0	
ENDTRNS	
TRNS	INVOICE	12/02/2021	Truck: 154mgmc/tr	Accounts Receivable	182	162.34	94184	
SPL	INVOICE	12/02/2021	DC	Sales Income	182	-162.34	94184	3.56	45.6	
ENDTRNS	
TRNS	INVOICE	12/02/2021	Truck: 154bf250	Accounts Receivable	154	0	94185	
SPL	INVOICE	12/02/2021	H2	Sales Income	154	0.0	94185	0.08	0.0	
ENDTRNS	
TRNS	INVOICE	12/02/2021	Truck: 154wf350/t	Accounts Receivable	154	0	94186	
SPL	INVOICE	12/02/2021	I-2	Sales Income	154	0.0	94186	0.79	0.0	
ENDTRNS	
TRNS	INVOICE	12/02/2021	Truck: 1926 O	Accounts Receivable	162	0	94187	
SPL	INVOICE	12/02/2021	H-2	Sales Income	162	0.0	94187	0.31	0.0	
ENDTRNS	
TRNS	INVOICE	12/02/2021	Truck: 154wram/tr	Accounts Receivable	120	58.37	94188	
SPL	INVOICE	12/02/2021	DC	Sales Income	120	-58.37	94188	1.28	45.6	
ENDTRNS	
TRNS	INVOICE	12/02/2021	Truck: 405-1489	Accounts Receivable	150	0	94189	
SPL	INVOICE	12/02/2021	I-2	Sales Income	150	0.0	94189	0.29	0.0	
ENDTRNS	
TRNS	INVOICE	12/02/2021	Truck: 1001CAL30	Accounts Receivable	240	61.1	94190	
SPL	INVOICE	12/02/2021	H1	Sales Income	240	-61.1	94190	1.34	45.6	
ENDTRNS	
TRNS	INVOICE	12/02/2021	Truck: Renne's 94	Accounts Receivable	194	36.02	94191	
SPL	INVOICE	12/02/2021	H1	Sales Income	194	-36.02	94191	0.79	45.59	
ENDTRNS	
TRNS	INVOICE	12/02/2021	Truck: 154mgmc/t	Accounts Receivable	154	0	94192	
SPL	INVOICE	12/02/2021	I-2	Sales Income	154	0.0	94192	0.52	0.0	
ENDTRNS	
TRNS	INVOICE	12/02/2021	Truck: 154rf150	Accounts Receivable	154	0	94193	
SPL	INVOICE	12/02/2021	H2	Sales Income	154	0.0	94193	0.06	0.0	
ENDTRNS	
TRNS	INVOICE	12/02/2021	Truck: 154mtoy	Accounts Receivable	154	0	94194	
SPL	INVOICE	12/02/2021	H2	Sales Income	154	0.0	94194	0.07	0.0	
ENDTRNS	
TRNS	INVOICE	12/02/2021	Truck: CoH2	Accounts Receivable	154	0	94195	
SPL	INVOICE	12/02/2021	I-2	Sales Income	154	0.0	94195	0.27	0.0	
ENDTRNS	
TRNS	INVOICE	12/02/2021	Truck: 154wc3500	Accounts Receivable	154	0	94196	
SPL	INVOICE	12/02/2021	H2	Sales Income	154	0.0	94196	0.08	0.0	
ENDTRNS	
TRNS	INVOICE	12/02/2021	Truck: 154wutil/	Accounts Receivable	154	0	94197	
SPL	INVOICE	12/02/2021	I-2	Sales Income	154	0.0	94197	0.39	0.0	
ENDTRNS	
TRNS	INVOICE	12/02/2021	Truck: 154bram/tr	Accounts Receivable	182	26.45	94198	
SPL	INVOICE	12/02/2021	DC	Sales Income	182	-26.45	94198	0.58	45.6	
ENDTRNS	
TRNS	INVOICE	12/02/2021	Truck: 154stoy	Accounts Receivable	154	0	94200	
SPL	INVOICE	12/02/2021	H2	Sales Income	154	0.0	94200	0.03	0.0	
ENDTRNS	
TRNS	INVOICE	12/02/2021	Truck: 154wf150	Accounts Receivable	154	0	94201	
SPL	INVOICE	12/02/2021	H2	Sales Income	154	0.0	94201	0.14	0.0	
ENDTRNS	
TRNS	INVOICE	12/02/2021	Truck: 154bch	Accounts Receivable	154	0	94202	
SPL	INVOICE	12/02/2021	H2	Sales Income	154	0.0	94202	0.04	0.0	
ENDTRNS	
TRNS	INVOICE	12/02/2021	Truck: 154marram	Accounts Receivable	154	0	94203	
SPL	INVOICE	12/02/2021	H2	Sales Income	154	0.0	94203	0.04	0.0	
ENDTRNS	
TRNS	INVOICE	12/02/2021	Truck: 182davis	Accounts Receivable	182	5.47	94204	
SPL	INVOICE	12/02/2021	DC	Sales Income	182	-5.47	94204	0.12	45.58	
ENDTRNS	
TRNS	INVOICE	12/02/2021	Truck: 154wf150	Accounts Receivable	154	0	94205	
SPL	INVOICE	12/02/2021	H2	Sales Income	154	0.0	94205	0.08	0.0	
ENDTRNS	
TRNS	INVOICE	12/02/2021	Truck: 405-1489	Accounts Receivable	150	0	94206	
SPL	INVOICE	12/02/2021	I-2	Sales Income	150	0.0	94206	0.24	0.0	
ENDTRNS	
TRNS	INVOICE	12/02/2021	Truck: 1906	Accounts Receivable	162	0	94207	
SPL	INVOICE	12/02/2021	H-2	Sales Income	162	0.0	94207	4.2	0.0	
ENDTRNS	
TRNS	INVOICE	12/02/2021	Truck: 154bcsil	Accounts Receivable	154	0	94208	
SPL	INVOICE	12/02/2021	H2	Sales Income	154	0.0	94208	0.19	0.0	
ENDTRNS	
TRNS	INVOICE	12/02/2021	Truck: 154tfcolo	Accounts Receivable	154	0	94209	
SPL	INVOICE	12/02/2021	H2	Sales Income	154	0.0	94209	0	0.0	
ENDTRNS	
TRNS	INVOICE	12/02/2021	Truck: 154bf350	Accounts Receivable	154	0	94210	
SPL	INVOICE	12/02/2021	H2	Sales Income	154	0.0	94210	0.08	0.0	
ENDTRNS	
TRNS	INVOICE	12/02/2021	Truck: CoH2	Accounts Receivable	154	0	94211	
SPL	INVOICE	12/02/2021	I-2	Sales Income	154	0.0	94211	0.33	0.0	
ENDTRNS	
TRNS	INVOICE	12/02/2021	Truck: 154tf150	Accounts Receivable	154	0	94212	
SPL	INVOICE	12/02/2021	H2	Sales Income	154	0.0	94212	0.02	0.0	
ENDTRNS	
TRNS	INVOICE	12/02/2021	Truck: 1905	Accounts Receivable	162	0	94213	
SPL	INVOICE	12/02/2021	H-2	Sales Income	162	0.0	94213	4.34	0.0	
ENDTRNS	
TRNS	INVOICE	12/02/2021	Truck: 238	Accounts Receivable	238	78.43	94214	
SPL	INVOICE	12/02/2021	DC	Sales Income	238	-78.43	94214	1.72	45.6	
ENDTRNS	
TRNS	INVOICE	12/02/2021	Truck: 154suv/tr	Accounts Receivable	154	0	94215	
SPL	INVOICE	12/02/2021	H2	Sales Income	154	0.0	94215	0.24	0.0	
ENDTRNS	
TRNS	INVOICE	12/02/2021	Truck: 1907	Accounts Receivable	162	0	94216	
SPL	INVOICE	12/02/2021	H-2	Sales Income	162	0.0	94216	5.09	0.0	
ENDTRNS	
TRNS	INVOICE	12/02/2021	Truck: harrisco	Accounts Receivable	161	0	94217	
SPL	INVOICE	12/02/2021	H2	Sales Income	161	0.0	94217	0.09	0.0	
ENDTRNS	
TRNS	INVOICE	12/02/2021	Truck: 154wram	Accounts Receivable	154	0	94218	
SPL	INVOICE	12/02/2021	H2	Sales Income	154	0.0	94218	0.02	0.0	
ENDTRNS	
TRNS	INVOICE	12/02/2021	Truck: 1 2 3	Accounts Receivable	154	0	94219	
SPL	INVOICE	12/02/2021	H-2	Sales Income	154	0.0	94219	1.53	0.0	
ENDTRNS	
TRNS	INVOICE	12/02/2021	Truck: 182dumpit\	Accounts Receivable	182	45.6	94220	
SPL	INVOICE	12/02/2021	DC	Sales Income	182	-45.6	94220	1	45.6	
ENDTRNS	
TRNS	INVOICE	12/02/2021	Truck: 1133	Accounts Receivable	173	0	94221	
SPL	INVOICE	12/02/2021	H-3	Sales Income	173	0.0	94221	27.77	0.0	
ENDTRNS	
TRNS	INVOICE	12/02/2021	Truck: 1926 O	Accounts Receivable	162	0	94222	
SPL	INVOICE	12/02/2021	H-2	Sales Income	162	0.0	94222	0.35	0.0	
ENDTRNS	
TRNS	INVOICE	12/02/2021	Truck: 154wsuv	Accounts Receivable	154	0	94223	
SPL	INVOICE	12/02/2021	H2	Sales Income	154	0.0	94223	0.09	0.0	
ENDTRNS	
TRNS	INVOICE	12/02/2021	Truck: 154stac	Accounts Receivable	154	0	94224	
SPL	INVOICE	12/02/2021	H2	Sales Income	154	0.0	94224	0.07	0.0	
ENDTRNS	
TRNS	INVOICE	12/02/2021	Truck: CoH2	Accounts Receivable	154	0	94225	
SPL	INVOICE	12/02/2021	I-2	Sales Income	154	0.0	94225	0.53	0.0	
ENDTRNS	
TRNS	INVOICE	12/02/2021	Truck: 1925	Accounts Receivable	162	0	94226	
SPL	INVOICE	12/02/2021	H-2	Sales Income	162	0.0	94226	5.09	0.0	
ENDTRNS	
TRNS	INVOICE	12/02/2021	Truck: 154not4hir	Accounts Receivable	154	0	94227	
SPL	INVOICE	12/02/2021	H2	Sales Income	154	0.0	94227	0.24	0.0	
ENDTRNS	
TRNS	INVOICE	12/02/2021	Truck: 1923	Accounts Receivable	162	0	94228	
SPL	INVOICE	12/02/2021	H-2	Sales Income	162	0.0	94228	6.19	0.0	
ENDTRNS	
TRNS	INVOICE	12/02/2021	Truck: 154tf150	Accounts Receivable	154	0	94229	
SPL	INVOICE	12/02/2021	H2	Sales Income	154	0.0	94229	0.09	0.0	
ENDTRNS	
TRNS	INVOICE	12/02/2021	Truck: 154CAR/T	Accounts Receivable	154	0	94230	
SPL	INVOICE	12/02/2021	H2	Sales Income	154	0.0	94230	0.16	0.0	
ENDTRNS	
TRNS	INVOICE	12/02/2021	Truck: 154ssilver	Accounts Receivable	154	0	94231	
SPL	INVOICE	12/02/2021	H2	Sales Income	154	0.0	94231	0.08	0.0	
ENDTRNS	
TRNS	INVOICE	12/02/2021	Truck: CoH2	Accounts Receivable	154	0	94232	
SPL	INVOICE	12/02/2021	I-2	Sales Income	154	0.0	94232	0.73	0.0	
ENDTRNS	
TRNS	INVOICE	12/02/2021	Truck: 154suv	Accounts Receivable	154	0	94233	
SPL	INVOICE	12/02/2021	H2	Sales Income	154	0.0	94233	0.01	0.0	
ENDTRNS	
TRNS	INVOICE	12/02/2021	Truck: 154bsier	Accounts Receivable	154	0	94234	
SPL	INVOICE	12/02/2021	H2	Sales Income	154	0.0	94234	0.05	0.0	
ENDTRNS	
TRNS	INVOICE	12/02/2021	Truck: 154uhaul	Accounts Receivable	154	0	94235	
SPL	INVOICE	12/02/2021	H2	Sales Income	154	0.0	94235	0.26	0.0	
ENDTRNS	
TRNS	INVOICE	12/02/2021	Truck: 154siltoy	Accounts Receivable	154	0	94237	
SPL	INVOICE	12/02/2021	H2	Sales Income	154	0.0	94237	0.02	0.0	
ENDTRNS	
TRNS	INVOICE	12/02/2021	Truck: 1926 C	Accounts Receivable	162	0	94238	
SPL	INVOICE	12/02/2021	H-2	Sales Income	162	0.0	94238	7.39	0.0	
ENDTRNS	
TRNS	INVOICE	12/02/2021	Truck: 154wf350/t	Accounts Receivable	122	17.78	94239	
SPL	INVOICE	12/02/2021	DC	Sales Income	122	-17.78	94239	0.39	45.59	
ENDTRNS	
TRNS	INVOICE	12/02/2021	Truck: 154mf150/t	Accounts Receivable	182	35.11	94240	
SPL	INVOICE	12/02/2021	DC	Sales Income	182	-35.11	94240	0.77	45.6	
ENDTRNS	
TRNS	INVOICE	12/02/2021	Truck: 154wrang	Accounts Receivable	154	0	94241	
SPL	INVOICE	12/02/2021	I-2	Sales Income	154	0.0	94241	0.04	0.0	
ENDTRNS	
TRNS	INVOICE	12/02/2021	Truck: 154btoy/t	Accounts Receivable	154	0	94242	
SPL	INVOICE	12/02/2021	H2	Sales Income	154	0.0	94242	0.27	0.0	
ENDTRNS	
TRNS	INVOICE	12/02/2021	Truck: CoH2	Accounts Receivable	154	0	94243	
SPL	INVOICE	12/02/2021	I-2	Sales Income	154	0.0	94243	0.71	0.0	
ENDTRNS	
TRNS	INVOICE	12/02/2021	Truck: 154ran	Accounts Receivable	154	0	94244	
SPL	INVOICE	12/02/2021	H2	Sales Income	154	0.0	94244	0.08	0.0	
ENDTRNS	
TRNS	INVOICE	12/02/2021	Truck: 154bf150/t	Accounts Receivable	154	0	94245	
SPL	INVOICE	12/02/2021	I-2	Sales Income	154	0.0	94245	0.15	0.0	
ENDTRNS	
TRNS	INVOICE	12/02/2021	Truck: 154bf150	Accounts Receivable	154	0	94246	
SPL	INVOICE	12/02/2021	W-2 (White Goods)	Sales Income	154	0.0	94246	0.01	0.0	
ENDTRNS	
TRNS	INVOICE	12/02/2021	Truck: 154tc1500	Accounts Receivable	154	0	94247	
SPL	INVOICE	12/02/2021	H2	Sales Income	154	0.0	94247	0.08	0.0	
ENDTRNS	
TRNS	INVOICE	12/02/2021	Truck: 154rf150/t	Accounts Receivable	154	0	94248	
SPL	INVOICE	12/02/2021	H2	Sales Income	154	0.0	94248	0.21	0.0	
ENDTRNS	
TRNS	INVOICE	12/02/2021	Truck: 154bjeep/t	Accounts Receivable	154	0	94249	
SPL	INVOICE	12/02/2021	H2	Sales Income	154	0.0	94249	0.21	0.0	
ENDTRNS	
TRNS	INVOICE	12/02/2021	Truck: 154wtund/t	Accounts Receivable	154	0	94250	
SPL	INVOICE	12/02/2021	H2	Sales Income	154	0.0	94250	0.26	0.0	
ENDTRNS	
TRNS	INVOICE	12/02/2021	Truck: 154wf50	Accounts Receivable	154	0	94251	
SPL	INVOICE	12/02/2021	H2	Sales Income	154	0.0	94251	0.06	0.0	
ENDTRNS	
TRNS	INVOICE	12/02/2021	Truck: 1133	Accounts Receivable	173	0	94252	
SPL	INVOICE	12/02/2021	H-3	Sales Income	173	0.0	94252	27	0.0	
ENDTRNS	
TRNS	INVOICE	12/03/2021	Truck: 1706open	Accounts Receivable	240	15.5	94253	
SPL	INVOICE	12/03/2021	H1	Sales Income	240	-15.5	94253	0.34	45.59	
ENDTRNS	
TRNS	INVOICE	12/03/2021	Truck: CoH2	Accounts Receivable	154	0	94254	
SPL	INVOICE	12/03/2021	I-2	Sales Income	154	0.0	94254	0.72	0.0	
ENDTRNS	
TRNS	INVOICE	12/03/2021	Truck: 1545blu	Accounts Receivable	154	0	94255	
SPL	INVOICE	12/03/2021	H2	Sales Income	154	0.0	94255	0.06	0.0	
ENDTRNS	
TRNS	INVOICE	12/03/2021	Truck: 154	Accounts Receivable	154	0	94256	
SPL	INVOICE	12/03/2021	H-2	Sales Income	154	0.0	94256	0.02	0.0	
ENDTRNS	
TRNS	INVOICE	12/03/2021	Truck: 182ford	Accounts Receivable	182	16.42	94257	
SPL	INVOICE	12/03/2021	DC	Sales Income	182	-16.42	94257	0.36	45.61	
ENDTRNS	
TRNS	INVOICE	12/03/2021	Truck: 1891	Accounts Receivable	173	0	94258	
SPL	INVOICE	12/03/2021	H-3	Sales Income	173	0.0	94258	27.8	0.0	
ENDTRNS	
TRNS	INVOICE	12/03/2021	Truck: 238	Accounts Receivable	238	4.56	94259	
SPL	INVOICE	12/03/2021	DC	Sales Income	238	-4.56	94259	0.1	45.6	
ENDTRNS	
TRNS	INVOICE	12/03/2021	Truck: 154farm	Accounts Receivable	154	0	94260	
SPL	INVOICE	12/03/2021	H2	Sales Income	154	0.0	94260	0.39	0.0	
ENDTRNS	
TRNS	INVOICE	12/03/2021	Truck: Renne's 94	Accounts Receivable	194	24.17	94261	
SPL	INVOICE	12/03/2021	H1	Sales Income	194	-24.17	94261	0.53	45.6	
ENDTRNS	
TRNS	INVOICE	12/03/2021	Truck: 1133	Accounts Receivable	173	0	94262	
SPL	INVOICE	12/03/2021	H-3	Sales Income	173	0.0	94262	25.76	0.0	
ENDTRNS	
TRNS	INVOICE	12/03/2021	Truck: 1926 20 yd	Accounts Receivable	162	0	94263	
SPL	INVOICE	12/03/2021	H-2	Sales Income	162	0.0	94263	0.79	0.0	
ENDTRNS	
TRNS	INVOICE	12/03/2021	Truck: 154plum	Accounts Receivable	154	0	94264	
SPL	INVOICE	12/03/2021	H2	Sales Income	154	0.0	94264	0.08	0.0	
ENDTRNS	
TRNS	INVOICE	12/03/2021	Truck: 182	Accounts Receivable	239	117.19	94265	
SPL	INVOICE	12/03/2021	DC	Sales Income	239	-117.19	94265	2.57	45.6	
ENDTRNS	
TRNS	INVOICE	12/03/2021	Truck: 1706Calcom	Accounts Receivable	240	332.42	94266	
SPL	INVOICE	12/03/2021	H1	Sales Income	240	-332.42	94266	7.29	45.6	
ENDTRNS	
TRNS	INVOICE	12/03/2021	Truck: 182dak	Accounts Receivable	182	3.65	94267	
SPL	INVOICE	12/03/2021	DC	Sales Income	182	-3.65	94267	0.08	45.62	
ENDTRNS	
TRNS	INVOICE	12/03/2021	Truck: 1926 20 yd	Accounts Receivable	162	0	94268	
SPL	INVOICE	12/03/2021	H-2	Sales Income	162	0.0	94268	0.53	0.0	
ENDTRNS	
TRNS	INVOICE	12/03/2021	Truck: 154yoy	Accounts Receivable	154	0	94269	
SPL	INVOICE	12/03/2021	H2	Sales Income	154	0.0	94269	0.19	0.0	
ENDTRNS	
TRNS	INVOICE	12/03/2021	Truck: 182gry	Accounts Receivable	182	8.66	94270	
SPL	INVOICE	12/03/2021	DC	Sales Income	182	-8.66	94270	0.19	45.58	
ENDTRNS	
TRNS	INVOICE	12/03/2021	Truck: 154blk	Accounts Receivable	154	0	94271	
SPL	INVOICE	12/03/2021	H2	Sales Income	154	0.0	94271	0.21	0.0	
ENDTRNS	
TRNS	INVOICE	12/03/2021	Truck: 154red	Accounts Receivable	154	0	94272	
SPL	INVOICE	12/03/2021	I-2	Sales Income	154	0.0	94272	0.19	0.0	
ENDTRNS	
TRNS	INVOICE	12/03/2021	Truck: 154grnford	Accounts Receivable	154	0	94273	
SPL	INVOICE	12/03/2021	H2	Sales Income	154	0.0	94273	0.2	0.0	
ENDTRNS	
TRNS	INVOICE	12/03/2021	Truck: 1706cal30	Accounts Receivable	240	10.03	94274	
SPL	INVOICE	12/03/2021	H1	Sales Income	240	-10.03	94274	0.22	45.59	
ENDTRNS	
TRNS	INVOICE	12/03/2021	Truck: 154jeep	Accounts Receivable	154	0	94275	
SPL	INVOICE	12/03/2021	H2	Sales Income	154	0.0	94275	0.07	0.0	
ENDTRNS	
TRNS	INVOICE	12/03/2021	Truck: 154whitram	Accounts Receivable	154	0	94276	
SPL	INVOICE	12/03/2021	H2	Sales Income	154	0.0	94276	0.4	0.0	
ENDTRNS	
TRNS	INVOICE	12/03/2021	Truck: 182blk	Accounts Receivable	182	36.02	94277	
SPL	INVOICE	12/03/2021	DC	Sales Income	182	-36.02	94277	0.79	45.59	
ENDTRNS	
TRNS	INVOICE	12/03/2021	Truck: Renne's 94	Accounts Receivable	194	17.33	94278	
SPL	INVOICE	12/03/2021	H1	Sales Income	194	-17.33	94278	0.38	45.61	
ENDTRNS	
TRNS	INVOICE	12/03/2021	Truck: 1907	Accounts Receivable	162	0	94279	
SPL	INVOICE	12/03/2021	H-2	Sales Income	162	0.0	94279	4.83	0.0	
ENDTRNS	
TRNS	INVOICE	12/03/2021	Truck: 1926 O	Accounts Receivable	162	0	94280	
SPL	INVOICE	12/03/2021	H-2	Sales Income	162	0.0	94280	2.16	0.0	
ENDTRNS	
TRNS	INVOICE	12/03/2021	Truck: 1905	Accounts Receivable	162	0	94281	
SPL	INVOICE	12/03/2021	H-2	Sales Income	162	0.0	94281	5.04	0.0	
ENDTRNS	
TRNS	INVOICE	12/03/2021	Truck: 1925	Accounts Receivable	162	0	94282	
SPL	INVOICE	12/03/2021	H-2	Sales Income	162	0.0	94282	5.26	0.0	
ENDTRNS	
TRNS	INVOICE	12/03/2021	Truck: 1923	Accounts Receivable	162	0	94283	
SPL	INVOICE	12/03/2021	H-2	Sales Income	162	0.0	94283	6.41	0.0	
ENDTRNS	
TRNS	INVOICE	12/03/2021	Truck: 154toy	Accounts Receivable	154	0	94284	
SPL	INVOICE	12/03/2021	I-2	Sales Income	154	0.0	94284	0.41	0.0	
ENDTRNS	
TRNS	INVOICE	12/03/2021	Truck: 1133	Accounts Receivable	173	0	94286	
SPL	INVOICE	12/03/2021	H-3	Sales Income	173	0.0	94286	31.06	0.0	
ENDTRNS	
TRNS	INVOICE	12/03/2021	Truck: 154wram	Accounts Receivable	154	0	94287	
SPL	INVOICE	12/03/2021	I-2	Sales Income	154	0.0	94287	0.91	0.0	
ENDTRNS	
TRNS	INVOICE	12/03/2021	Truck: CoH2	Accounts Receivable	154	0	94288	
SPL	INVOICE	12/03/2021	I-2	Sales Income	154	0.0	94288	0.57	0.0	
ENDTRNS	
TRNS	INVOICE	12/03/2021	Truck: 154siv	Accounts Receivable	154	0	94289	
SPL	INVOICE	12/03/2021	H2	Sales Income	154	0.0	94289	0.37	0.0	
ENDTRNS	
TRNS	INVOICE	12/03/2021	Truck: 154red	Accounts Receivable	154	0	94290	
SPL	INVOICE	12/03/2021	I-2	Sales Income	154	0.0	94290	0.12	0.0	
ENDTRNS	
TRNS	INVOICE	12/03/2021	Truck: 182tittan	Accounts Receivable	182	12.77	94291	
SPL	INVOICE	12/03/2021	DC	Sales Income	182	-12.77	94291	0.28	45.61	
ENDTRNS	
TRNS	INVOICE	12/03/2021	Truck: 1926 O	Accounts Receivable	162	0	94292	
SPL	INVOICE	12/03/2021	H-2	Sales Income	162	0.0	94292	0.83	0.0	
ENDTRNS	
TRNS	INVOICE	12/03/2021	Truck: 154pla	Accounts Receivable	154	0	94293	
SPL	INVOICE	12/03/2021	H2	Sales Income	154	0.0	94293	0.16	0.0	
ENDTRNS	
TRNS	INVOICE	12/03/2021	Truck: 154blfo	Accounts Receivable	154	0	94294	
SPL	INVOICE	12/03/2021	H2	Sales Income	154	0.0	94294	0.16	0.0	
ENDTRNS	
TRNS	INVOICE	12/03/2021	Truck: 154grram	Accounts Receivable	154	0	94295	
SPL	INVOICE	12/03/2021	H2	Sales Income	154	0.0	94295	0.2	0.0	
ENDTRNS	
TRNS	INVOICE	12/03/2021	Truck: 154gf	Accounts Receivable	154	0	94296	
SPL	INVOICE	12/03/2021	H2	Sales Income	154	0.0	94296	0.19	0.0	
ENDTRNS	
TRNS	INVOICE	12/03/2021	Truck: 1906	Accounts Receivable	162	0	94297	
SPL	INVOICE	12/03/2021	H-2	Sales Income	162	0.0	94297	5.69	0.0	
ENDTRNS	
TRNS	INVOICE	12/03/2021	Truck: 154tan	Accounts Receivable	154	0	94298	
SPL	INVOICE	12/03/2021	H2	Sales Income	154	0.0	94298	0.23	0.0	
ENDTRNS	
TRNS	INVOICE	12/03/2021	Truck: 154	Accounts Receivable	154	0	94299	
SPL	INVOICE	12/03/2021	H2	Sales Income	154	0.0	94299	0.16	0.0	
ENDTRNS	
TRNS	INVOICE	12/03/2021	Truck: 154toy	Accounts Receivable	154	0	94300	
SPL	INVOICE	12/03/2021	I-2	Sales Income	154	0.0	94300	0.38	0.0	
ENDTRNS	
TRNS	INVOICE	12/03/2021	Truck: 182hand	Accounts Receivable	182	0	94301	
SPL	INVOICE	12/03/2021	H2	Sales Income	182	0.0	94301	0.08	0.0	
ENDTRNS	
TRNS	INVOICE	12/03/2021	Truck: 182chev	Accounts Receivable	182	15.5	94302	
SPL	INVOICE	12/03/2021	DC	Sales Income	182	-15.5	94302	0.34	45.59	
ENDTRNS	
TRNS	INVOICE	12/03/2021	Truck: 1133	Accounts Receivable	173	0	94303	
SPL	INVOICE	12/03/2021	H-3	Sales Income	173	0.0	94303	28.15	0.0	
ENDTRNS	
TRNS	INVOICE	12/03/2021	Truck: 182	Accounts Receivable	182	0	94304	
SPL	INVOICE	12/03/2021	H2	Sales Income	182	0.0	94304	0.07	0.0	
ENDTRNS	
TRNS	INVOICE	12/04/2021	Truck: 182junk	Accounts Receivable	182	39.67	94305	
SPL	INVOICE	12/04/2021	DC	Sales Income	182	-39.67	94305	0.87	45.6	
ENDTRNS	
TRNS	INVOICE	12/04/2021	Truck: 154gc1500	Accounts Receivable	154	0	94306	
SPL	INVOICE	12/04/2021	I-2	Sales Income	154	0.0	94306	0.1	0.0	
ENDTRNS	
TRNS	INVOICE	12/04/2021	Truck: 154gram/t	Accounts Receivable	154	0	94307	
SPL	INVOICE	12/04/2021	H2	Sales Income	154	0.0	94307	0.22	0.0	
ENDTRNS	
TRNS	INVOICE	12/04/2021	Truck: 154tcs10	Accounts Receivable	154	0	94308	
SPL	INVOICE	12/04/2021	H2	Sales Income	154	0.0	94308	0.21	0.0	
ENDTRNS	
TRNS	INVOICE	12/04/2021	Truck: 154wutil/t	Accounts Receivable	154	0	94309	
SPL	INVOICE	12/04/2021	I-2	Sales Income	154	0.0	94309	0.42	0.0	
ENDTRNS	
TRNS	INVOICE	12/04/2021	Truck: 154sc2500	Accounts Receivable	154	0	94310	
SPL	INVOICE	12/04/2021	H2	Sales Income	154	0.0	94310	0.16	0.0	
ENDTRNS	
TRNS	INVOICE	12/04/2021	Truck: 154bcsil/t	Accounts Receivable	182	44.69	94311	
SPL	INVOICE	12/04/2021	DC	Sales Income	182	-44.69	94311	0.98	45.6	
ENDTRNS	
TRNS	INVOICE	12/04/2021	Truck: 154gf150	Accounts Receivable	154	0	94312	
SPL	INVOICE	12/04/2021	H2	Sales Income	154	0.0	94312	0.09	0.0	
ENDTRNS	
TRNS	INVOICE	12/04/2021	Truck: 154rtac	Accounts Receivable	154	0	94313	
SPL	INVOICE	12/04/2021	H2	Sales Income	154	0.0	94313	0.04	0.0	
ENDTRNS	
TRNS	INVOICE	12/04/2021	Truck: 154tf150.t	Accounts Receivable	154	0	94314	
SPL	INVOICE	12/04/2021	H2	Sales Income	154	0.0	94314	0.31	0.0	
ENDTRNS	
TRNS	INVOICE	12/04/2021	Truck: 154bf150	Accounts Receivable	154	0	94315	
SPL	INVOICE	12/04/2021	H2	Sales Income	154	0.0	94315	0.07	0.0	
ENDTRNS	
TRNS	INVOICE	12/04/2021	Truck: 154wf250/.	Accounts Receivable	154	0	94316	
SPL	INVOICE	12/04/2021	H2	Sales Income	154	0.0	94316	0.5	0.0	
ENDTRNS	
TRNS	INVOICE	12/04/2021	Truck: 154wgmc/	Accounts Receivable	154	0	94317	
SPL	INVOICE	12/04/2021	H2	Sales Income	154	0.0	94317	0.18	0.0	
ENDTRNS	
TRNS	INVOICE	12/04/2021	Truck: 154wcdiam/	Accounts Receivable	154	0	94318	
SPL	INVOICE	12/04/2021	H2	Sales Income	154	0.0	94318	0.14	0.0	
ENDTRNS	
TRNS	INVOICE	12/04/2021	Truck: 154wf150/t	Accounts Receivable	154	0	94319	
SPL	INVOICE	12/04/2021	H2	Sales Income	154	0.0	94319	0.3	0.0	
ENDTRNS	
TRNS	INVOICE	12/04/2021	Truck: 151wf150	Accounts Receivable	154	0	94321	
SPL	INVOICE	12/04/2021	H2	Sales Income	154	0.0	94321	0.09	0.0	
ENDTRNS	
TRNS	INVOICE	12/04/2021	Truck: 154wram	Accounts Receivable	154	0	94322	
SPL	INVOICE	12/04/2021	H2	Sales Income	154	0.0	94322	0.13	0.0	
ENDTRNS	
TRNS	INVOICE	12/04/2021	Truck: 154bsilv	Accounts Receivable	154	0	94323	
SPL	INVOICE	12/04/2021	H2	Sales Income	154	0.0	94323	0.36	0.0	
ENDTRNS	
TRNS	INVOICE	12/04/2021	Truck: 154bf150/	Accounts Receivable	154	0	94324	
SPL	INVOICE	12/04/2021	I-2	Sales Income	154	0.0	94324	0.39	0.0	
ENDTRNS	
TRNS	INVOICE	12/04/2021	Truck: 154tesca	Accounts Receivable	154	0	94325	
SPL	INVOICE	12/04/2021	H2	Sales Income	154	0.0	94325	0.04	0.0	
ENDTRNS	
TRNS	INVOICE	12/04/2021	Truck: 154rfcusto	Accounts Receivable	154	0	94326	
SPL	INVOICE	12/04/2021	H2	Sales Income	154	0.0	94326	0.32	0.0	
ENDTRNS	
TRNS	INVOICE	12/04/2021	Truck: 154gtac/t	Accounts Receivable	154	0	94327	
SPL	INVOICE	12/04/2021	H2	Sales Income	154	0.0	94327	0.26	0.0	
ENDTRNS	
TRNS	INVOICE	12/04/2021	Truck: 154wf150	Accounts Receivable	154	0	94328	
SPL	INVOICE	12/04/2021	H2	Sales Income	154	0.0	94328	0.06	0.0	
ENDTRNS	
TRNS	INVOICE	12/04/2021	Truck: 182white/t	Accounts Receivable	182	14.14	94329	
SPL	INVOICE	12/04/2021	H1	Sales Income	182	-14.14	94329	0.31	45.61	
ENDTRNS	
TRNS	INVOICE	12/04/2021	Truck: 154bram350	Accounts Receivable	154	0	94330	
SPL	INVOICE	12/04/2021	H2	Sales Income	154	0.0	94330	0.05	0.0	
ENDTRNS	
TRNS	INVOICE	12/04/2021	Truck: 154sf150/t	Accounts Receivable	154	0	94331	
SPL	INVOICE	12/04/2021	H2	Sales Income	154	0.0	94331	0.15	0.0	
ENDTRNS	
TRNS	INVOICE	12/04/2021	Truck: 154gram150	Accounts Receivable	154	0	94332	
SPL	INVOICE	12/04/2021	H2	Sales Income	154	0.0	94332	0.3	0.0	
ENDTRNS	
TRNS	INVOICE	12/04/2021	Truck: 154nivan/	Accounts Receivable	154	0	94335	
SPL	INVOICE	12/04/2021	H2	Sales Income	154	0.0	94335	0.11	0.0	
ENDTRNS	
TRNS	INVOICE	12/04/2021	Truck: 154suv	Accounts Receivable	154	0	94336	
SPL	INVOICE	12/04/2021	H2	Sales Income	154	0.0	94336	0.01	0.0	
ENDTRNS	
TRNS	INVOICE	12/04/2021	Truck: 154wnvan	Accounts Receivable	154	0	94337	
SPL	INVOICE	12/04/2021	H2	Sales Income	154	0.0	94337	0.14	0.0	
ENDTRNS	
TRNS	INVOICE	12/04/2021	Truck: 154rc2500/	Accounts Receivable	154	0	94338	
SPL	INVOICE	12/04/2021	H2	Sales Income	154	0.0	94338	0.18	0.0	
ENDTRNS	
TRNS	INVOICE	12/04/2021	Truck: 154wava	Accounts Receivable	154	0	94339	
SPL	INVOICE	12/04/2021	H2	Sales Income	154	0.0	94339	0.35	0.0	
ENDTRNS	
TRNS	INVOICE	12/04/2021	Truck: 154sf150	Accounts Receivable	154	0	94340	
SPL	INVOICE	12/04/2021	H2	Sales Income	154	0.0	94340	0.06	0.0	
ENDTRNS	
TRNS	INVOICE	12/04/2021	Truck: 154util	Accounts Receivable	108	9.12	94341	
SPL	INVOICE	12/04/2021	DC	Sales Income	108	-9.12	94341	0.2	45.6	
ENDTRNS	
TRNS	INVOICE	12/04/2021	Truck: 182gc1500	Accounts Receivable	182	15.96	94342	
SPL	INVOICE	12/04/2021	DC	Sales Income	182	-15.96	94342	0.35	45.6	
ENDTRNS	
TRNS	INVOICE	12/04/2021	Truck: 154mh/tr	Accounts Receivable	182	23.26	94343	
SPL	INVOICE	12/04/2021	DC	Sales Income	182	-23.26	94343	0.51	45.61	
ENDTRNS	
TRNS	INVOICE	12/04/2021	Truck: 154btac	Accounts Receivable	154	0	94344	
SPL	INVOICE	12/04/2021	I-2	Sales Income	154	0.0	94344	0.43	0.0	
ENDTRNS	
TRNS	INVOICE	12/04/2021	Truck: 154wtac	Accounts Receivable	154	0	94345	
SPL	INVOICE	12/04/2021	H2	Sales Income	154	0.0	94345	0.26	0.0	
ENDTRNS	
TRNS	INVOICE	12/04/2021	Truck: 154wf150	Accounts Receivable	154	0	94346	
SPL	INVOICE	12/04/2021	H2	Sales Income	154	0.0	94346	0.03	0.0	
ENDTRNS	
TRNS	INVOICE	12/04/2021	Truck: 154wf150/t	Accounts Receivable	154	0	94347	
SPL	INVOICE	12/04/2021	H2	Sales Income	154	0.0	94347	0.13	0.0	
ENDTRNS	
TRNS	INVOICE	12/04/2021	Truck: 154btrd	Accounts Receivable	154	0	94348	
SPL	INVOICE	12/04/2021	H2	Sales Income	154	0.0	94348	0.17	0.0	
ENDTRNS	
TRNS	INVOICE	12/04/2021	Truck: 154wtoy	Accounts Receivable	154	0	94349	
SPL	INVOICE	12/04/2021	H2	Sales Income	154	0.0	94349	0.31	0.0	
ENDTRNS	
TRNS	INVOICE	12/04/2021	Truck: 154wdad/t	Accounts Receivable	154	0	94350	
SPL	INVOICE	12/04/2021	H2	Sales Income	154	0.0	94350	0.4	0.0	
ENDTRNS	
TRNS	INVOICE	12/04/2021	Truck: 154bram	Accounts Receivable	154	0	94351	
SPL	INVOICE	12/04/2021	H2	Sales Income	154	0.0	94351	0.04	0.0	
ENDTRNS	
TRNS	INVOICE	12/04/2021	Truck: 154wc/hchs	Accounts Receivable	154	0	94352	
SPL	INVOICE	12/04/2021	H2	Sales Income	154	0.0	94352	0.26	0.0	
ENDTRNS	
TRNS	INVOICE	12/04/2021	Truck: 154bf350	Accounts Receivable	154	0	94353	
SPL	INVOICE	12/04/2021	H2	Sales Income	154	0.0	94353	0.05	0.0	
ENDTRNS	
TRNS	INVOICE	12/04/2021	Truck: 154wz71	Accounts Receivable	154	0	94354	
SPL	INVOICE	12/04/2021	H2	Sales Income	154	0.0	94354	0.04	0.0	
ENDTRNS	
TRNS	INVOICE	12/04/2021	Truck: 154bcsilve	Accounts Receivable	182	34.2	94355	
SPL	INVOICE	12/04/2021	DC	Sales Income	182	-34.2	94355	0.75	45.6	
ENDTRNS	
TRNS	INVOICE	12/04/2021	Truck: 154bccust/	Accounts Receivable	154	0	94356	
SPL	INVOICE	12/04/2021	I-2	Sales Income	154	0.0	94356	0.89	0.0	
ENDTRNS	
TRNS	INVOICE	12/04/2021	Truck: 154wd/t	Accounts Receivable	154	0	94357	
SPL	INVOICE	12/04/2021	H2	Sales Income	154	0.0	94357	0.66	0.0	
ENDTRNS	
TRNS	INVOICE	12/04/2021	Truck: 154wgmc	Accounts Receivable	154	0	94358	
SPL	INVOICE	12/04/2021	H2	Sales Income	154	0.0	94358	0.12	0.0	
ENDTRNS	
TRNS	INVOICE	12/04/2021	Truck: 154gccilv	Accounts Receivable	154	0	94360	
SPL	INVOICE	12/04/2021	H2	Sales Income	154	0.0	94360	0.05	0.0	
ENDTRNS	
TRNS	INVOICE	12/04/2021	Truck: 154bcz71	Accounts Receivable	154	0	94361	
SPL	INVOICE	12/04/2021	H2	Sales Income	154	0.0	94361	0.01	0.0	
ENDTRNS	
TRNS	INVOICE	12/04/2021	Truck: 154wf150/t	Accounts Receivable	154	0	94362	
SPL	INVOICE	12/04/2021	H2	Sales Income	154	0.0	94362	0.34	0.0	
ENDTRNS	
TRNS	INVOICE	12/04/2021	Truck: 154ssil/t	Accounts Receivable	154	0	94363	
SPL	INVOICE	12/04/2021	I-2	Sales Income	154	0.0	94363	0.73	0.0	
ENDTRNS	
TRNS	INVOICE	12/04/2021	Truck: 154bgmc/tr	Accounts Receivable	154	0	94364	
SPL	INVOICE	12/04/2021	H2	Sales Income	154	0.0	94364	0.6	0.0	
ENDTRNS	
TRNS	INVOICE	12/04/2021	Truck: 154ava	Accounts Receivable	154	0	94365	
SPL	INVOICE	12/04/2021	I-2	Sales Income	154	0.0	94365	0.45	0.0	
ENDTRNS	
TRNS	INVOICE	12/04/2021	Truck: 154wgmc/	Accounts Receivable	154	0	94366	
SPL	INVOICE	12/04/2021	H2	Sales Income	154	0.0	94366	0.37	0.0	
ENDTRNS	
TRNS	INVOICE	12/04/2021	Truck: 154bc/tr	Accounts Receivable	154	0	94367	
SPL	INVOICE	12/04/2021	H2	Sales Income	154	0.0	94367	0.37	0.0	
ENDTRNS	
TRNS	INVOICE	12/04/2021	Truck: 154bf150/t	Accounts Receivable	154	0	94368	
SPL	INVOICE	12/04/2021	I-2	Sales Income	154	0.0	94368	0.86	0.0	
ENDTRNS	
TRNS	INVOICE	12/04/2021	Truck: 154car	Accounts Receivable	154	0	94369	
SPL	INVOICE	12/04/2021	H2	Sales Income	154	0.0	94369	0.05	0.0	
ENDTRNS	
TRNS	INVOICE	12/04/2021	Truck: 154bcar	Accounts Receivable	154	0	94370	
SPL	INVOICE	12/04/2021	H2	Sales Income	154	0.0	94370	0.03	0.0	
ENDTRNS	
TRNS	INVOICE	12/04/2021	Truck: 154bcar/t	Accounts Receivable	154	0	94371	
SPL	INVOICE	12/04/2021	I-2	Sales Income	154	0.0	94371	0.24	0.0	
ENDTRNS	
TRNS	INVOICE	12/04/2021	Truck: 154rcsil	Accounts Receivable	154	0	94372	
SPL	INVOICE	12/04/2021	I-2	Sales Income	154	0.0	94372	0.05	0.0	
ENDTRNS	
TRNS	INVOICE	12/04/2021	Truck: 154bfsuv/t	Accounts Receivable	154	0	94373	
SPL	INVOICE	12/04/2021	W-2 (White Goods)	Sales Income	154	0.0	94373	0.22	0.0	
ENDTRNS	
TRNS	INVOICE	12/04/2021	Truck: 154mram	Accounts Receivable	154	0	94374	
SPL	INVOICE	12/04/2021	H2	Sales Income	154	0.0	94374	0.21	0.0	
ENDTRNS	
TRNS	INVOICE	12/04/2021	Truck: 154sf150	Accounts Receivable	154	0	94375	
SPL	INVOICE	12/04/2021	H2	Sales Income	154	0.0	94375	0.03	0.0	
ENDTRNS	
TRNS	INVOICE	12/04/2021	Truck: 154bf450/t	Accounts Receivable	182	81.62	94376	
SPL	INVOICE	12/04/2021	DC	Sales Income	182	-81.62	94376	1.79	45.6	
ENDTRNS	
TRNS	INVOICE	12/04/2021	Truck: 154wf150	Accounts Receivable	154	0	94377	
SPL	INVOICE	12/04/2021	H2	Sales Income	154	0.0	94377	0.06	0.0	
ENDTRNS	
TRNS	INVOICE	12/04/2021	Truck: 154bram	Accounts Receivable	154	0	94378	
SPL	INVOICE	12/04/2021	I-2	Sales Income	154	0.0	94378	0.04	0.0	
ENDTRNS	
TRNS	INVOICE	12/04/2021	Truck: 154gram150	Accounts Receivable	154	0	94379	
SPL	INVOICE	12/04/2021	H2	Sales Income	154	0.0	94379	0.25	0.0	
ENDTRNS	
TRNS	INVOICE	12/04/2021	Truck: 154bram	Accounts Receivable	154	0	94380	
SPL	INVOICE	12/04/2021	H2	Sales Income	154	0.0	94380	0.15	0.0	
ENDTRNS	
TRNS	INVOICE	12/04/2021	Truck: 154ssuv	Accounts Receivable	154	0	94381	
SPL	INVOICE	12/04/2021	H2	Sales Income	154	0.0	94381	0.01	0.0	
ENDTRNS	
TRNS	INVOICE	12/04/2021	Truck: 154scsil	Accounts Receivable	154	0	94382	
SPL	INVOICE	12/04/2021	I-2	Sales Income	154	0.0	94382	0.12	0.0	
ENDTRNS	
TRNS	INVOICE	12/04/2021	Truck: 154btac	Accounts Receivable	154	0	94383	
SPL	INVOICE	12/04/2021	H2	Sales Income	154	0.0	94383	0.06	0.0	
ENDTRNS	
TRNS	INVOICE	12/04/2021	Truck: 154wram	Accounts Receivable	154	0	94384	
SPL	INVOICE	12/04/2021	H2	Sales Income	154	0.0	94384	0.08	0.0	
ENDTRNS	
TRNS	INVOICE	12/04/2021	Truck: 154wgmc/t	Accounts Receivable	154	0	94385	
SPL	INVOICE	12/04/2021	I-2	Sales Income	154	0.0	94385	0.12	0.0	
ENDTRNS	
TRNS	INVOICE	12/04/2021	Truck: 154ttoy	Accounts Receivable	154	0	94387	
SPL	INVOICE	12/04/2021	H2	Sales Income	154	0.0	94387	0.07	0.0	
ENDTRNS	
TRNS	INVOICE	12/04/2021	Truck: 154rtun	Accounts Receivable	154	0	94388	
SPL	INVOICE	12/04/2021	I-2	Sales Income	154	0.0	94388	0.85	0.0	
ENDTRNS	
TRNS	INVOICE	12/04/2021	Truck: 154bc1500	Accounts Receivable	154	0	94389	
SPL	INVOICE	12/04/2021	H2	Sales Income	154	0.0	94389	0.1	0.0	
ENDTRNS	
TRNS	INVOICE	12/04/2021	Truck: 154gsuv	Accounts Receivable	154	0	94390	
SPL	INVOICE	12/04/2021	H2	Sales Income	154	0.0	94390	0.14	0.0	
ENDTRNS	
TRNS	INVOICE	12/04/2021	Truck: 154rcs10	Accounts Receivable	154	0	94391	
SPL	INVOICE	12/04/2021	H2	Sales Income	154	0.0	94391	0.04	0.0	
ENDTRNS	
TRNS	INVOICE	12/04/2021	Truck: 154rram	Accounts Receivable	182	10.94	94392	
SPL	INVOICE	12/04/2021	DC	Sales Income	182	-10.94	94392	0.24	45.58	
ENDTRNS	
TRNS	INVOICE	12/04/2021	Truck: 154ssuv/t	Accounts Receivable	182	8.21	94393	
SPL	INVOICE	12/04/2021	DC	Sales Income	182	-8.21	94393	0.18	45.61	
ENDTRNS	
TRNS	INVOICE	12/04/2021	Truck: 154btoy	Accounts Receivable	154	0	94394	
SPL	INVOICE	12/04/2021	I-2	Sales Income	154	0.0	94394	0.09	0.0	
ENDTRNS	
TRNS	INVOICE	12/04/2021	Truck: 154bram150	Accounts Receivable	154	0	94395	
SPL	INVOICE	12/04/2021	I-2	Sales Income	154	0.0	94395	0.14	0.0	
ENDTRNS	
TRNS	INVOICE	12/04/2021	Truck: 154bf150	Accounts Receivable	154	0	94396	
SPL	INVOICE	12/04/2021	H2	Sales Income	154	0.0	94396	0.45	0.0	
ENDTRNS	
TRNS	INVOICE	12/04/2021	Truck: 182wf250	Accounts Receivable	182	82.54	94397	
SPL	INVOICE	12/04/2021	DC	Sales Income	182	-82.54	94397	1.81	45.6	
ENDTRNS	
TRNS	INVOICE	12/04/2021	Truck: 154sc	Accounts Receivable	154	0	94398	
SPL	INVOICE	12/04/2021	I-2	Sales Income	154	0.0	94398	0.42	0.0	
ENDTRNS	
TRNS	INVOICE	12/04/2021	Truck: 154bsuv/t	Accounts Receivable	154	0	94399	
SPL	INVOICE	12/04/2021	H2	Sales Income	154	0.0	94399	0.1	0.0	
ENDTRNS	
TRNS	INVOICE	12/04/2021	Truck: 154bram	Accounts Receivable	154	0	94400	
SPL	INVOICE	12/04/2021	H2	Sales Income	154	0.0	94400	0.11	0.0	
ENDTRNS	
TRNS	INVOICE	12/04/2021	Truck: 154btac/t	Accounts Receivable	154	0	94401	
SPL	INVOICE	12/04/2021	H2	Sales Income	154	0.0	94401	0.16	0.0	
ENDTRNS	
TRNS	INVOICE	12/04/2021	Truck: 154blk	Accounts Receivable	154	0	94402	
SPL	INVOICE	12/04/2021	H2	Sales Income	154	0.0	94402	0.28	0.0	
ENDTRNS	
TRNS	INVOICE	12/04/2021	Truck: 154bf150	Accounts Receivable	154	0	94403	
SPL	INVOICE	12/04/2021	H2	Sales Income	154	0.0	94403	0.11	0.0	
ENDTRNS	
TRNS	INVOICE	12/04/2021	Truck: 154wcollo	Accounts Receivable	154	0	94405	
SPL	INVOICE	12/04/2021	H2	Sales Income	154	0.0	94405	0.02	0.0	
ENDTRNS	
TRNS	INVOICE	12/06/2021	Truck: 1001JCGCOM	Accounts Receivable	240	253.08	94406	
SPL	INVOICE	12/06/2021	H1	Sales Income	240	-253.08	94406	5.55	45.6	
ENDTRNS	
TRNS	INVOICE	12/06/2021	Truck: 154outdoor	Accounts Receivable	154	0	94407	
SPL	INVOICE	12/06/2021	H2	Sales Income	154	0.0	94407	0.52	0.0	
ENDTRNS	
TRNS	INVOICE	12/06/2021	Truck: 154wflat	Accounts Receivable	154	0	94408	
SPL	INVOICE	12/06/2021	H2	Sales Income	154	0.0	94408	0.76	0.0	
ENDTRNS	
TRNS	INVOICE	12/06/2021	Truck: 154wfd	Accounts Receivable	154	0	94409	
SPL	INVOICE	12/06/2021	H2	Sales Income	154	0.0	94409	0.07	0.0	
ENDTRNS	
TRNS	INVOICE	12/06/2021	Truck: 154bram	Accounts Receivable	154	0	94410	
SPL	INVOICE	12/06/2021	H2	Sales Income	154	0.0	94410	0.13	0.0	
ENDTRNS	
TRNS	INVOICE	12/06/2021	Truck: 182dumptha	Accounts Receivable	182	269.04	94411	
SPL	INVOICE	12/06/2021	DC	Sales Income	182	-269.04	94411	5.9	45.6	
ENDTRNS	
TRNS	INVOICE	12/06/2021	Truck: 154bfd	Accounts Receivable	154	0	94412	
SPL	INVOICE	12/06/2021	H2	Sales Income	154	0.0	94412	0.02	0.0	
ENDTRNS	
TRNS	INVOICE	12/06/2021	Truck: 1926 O	Accounts Receivable	162	0	94413	
SPL	INVOICE	12/06/2021	H-2	Sales Income	162	0.0	94413	1.95	0.0	
ENDTRNS	
TRNS	INVOICE	12/06/2021	Truck: 182van	Accounts Receivable	182	20.98	94414	
SPL	INVOICE	12/06/2021	DC	Sales Income	182	-20.98	94414	0.46	45.61	
ENDTRNS	
TRNS	INVOICE	12/06/2021	Truck: 154wf250	Accounts Receivable	154	0	94415	
SPL	INVOICE	12/06/2021	H2	Sales Income	154	0.0	94415	0.9	0.0	
ENDTRNS	
TRNS	INVOICE	12/06/2021	Truck: 182silduel	Accounts Receivable	182	32.83	94416	
SPL	INVOICE	12/06/2021	DC	Sales Income	182	-32.83	94416	0.72	45.6	
ENDTRNS	
TRNS	INVOICE	12/06/2021	Truck: 182blram	Accounts Receivable	182	2.74	94417	
SPL	INVOICE	12/06/2021	DC	Sales Income	182	-2.74	94417	0.06	45.67	
ENDTRNS	
TRNS	INVOICE	12/06/2021	Truck: 182buram	Accounts Receivable	182	25.02	94418	
SPL	INVOICE	12/06/2021	I-1	Sales Income	182	-25.02	94418	1.39	18.0	
ENDTRNS	
TRNS	INVOICE	12/06/2021	Truck: 1706cal30	Accounts Receivable	240	82.08	94419	
SPL	INVOICE	12/06/2021	H1	Sales Income	240	-82.08	94419	1.8	45.6	
ENDTRNS	
TRNS	INVOICE	12/06/2021	Truck: 154ggmc	Accounts Receivable	154	0	94420	
SPL	INVOICE	12/06/2021	H2	Sales Income	154	0.0	94420	0.02	0.0	
ENDTRNS	
TRNS	INVOICE	12/06/2021	Truck: Co H 3	Accounts Receivable	154	0	94421	
SPL	INVOICE	12/06/2021	H-2	Sales Income	154	0.0	94421	0.09	0.0	
ENDTRNS	
TRNS	INVOICE	12/06/2021	Truck: 1542tone	Accounts Receivable	154	0	94422	
SPL	INVOICE	12/06/2021	H2	Sales Income	154	0.0	94422	0.07	0.0	
ENDTRNS	
TRNS	INVOICE	12/06/2021	Truck: 154rdfd	Accounts Receivable	154	0	94423	
SPL	INVOICE	12/06/2021	I-2	Sales Income	154	0.0	94423	1.17	0.0	
ENDTRNS	
TRNS	INVOICE	12/06/2021	Truck: 1926 20 yd	Accounts Receivable	162	0	94424	
SPL	INVOICE	12/06/2021	H-2	Sales Income	162	0.0	94424	0.7	0.0	
ENDTRNS	
TRNS	INVOICE	12/06/2021	Truck: 154outdoor	Accounts Receivable	154	0	94425	
SPL	INVOICE	12/06/2021	H2	Sales Income	154	0.0	94425	0.76	0.0	
ENDTRNS	
TRNS	INVOICE	12/06/2021	Truck: 182bfd	Accounts Receivable	182	0.91	94426	
SPL	INVOICE	12/06/2021	DC	Sales Income	182	-0.91	94426	0.02	45.5	
ENDTRNS	
TRNS	INVOICE	12/06/2021	Truck: 154g250	Accounts Receivable	154	0	94427	
SPL	INVOICE	12/06/2021	H2	Sales Income	154	0.0	94427	0.44	0.0	
ENDTRNS	
TRNS	INVOICE	12/06/2021	Truck: 154gryfd	Accounts Receivable	154	0	94428	
SPL	INVOICE	12/06/2021	H2	Sales Income	154	0.0	94428	1.22	0.0	
ENDTRNS	
TRNS	INVOICE	12/06/2021	Truck: 154dump	Accounts Receivable	154	0	94429	
SPL	INVOICE	12/06/2021	H2	Sales Income	154	0.0	94429	2.18	0.0	
ENDTRNS	
TRNS	INVOICE	12/06/2021	Truck: 154siltun	Accounts Receivable	154	0	94430	
SPL	INVOICE	12/06/2021	H2	Sales Income	154	0.0	94430	0.03	0.0	
ENDTRNS	
TRNS	INVOICE	12/06/2021	Truck: 154btah	Accounts Receivable	154	0	94431	
SPL	INVOICE	12/06/2021	H2	Sales Income	154	0.0	94431	0.04	0.0	
ENDTRNS	
TRNS	INVOICE	12/06/2021	Truck: 1706cal30	Accounts Receivable	240	55.18	94432	
SPL	INVOICE	12/06/2021	H1	Sales Income	240	-55.18	94432	1.21	45.6	
ENDTRNS	
TRNS	INVOICE	12/06/2021	Truck: 154ssil	Accounts Receivable	154	0	94433	
SPL	INVOICE	12/06/2021	I-2	Sales Income	154	0.0	94433	0.13	0.0	
ENDTRNS	
TRNS	INVOICE	12/06/2021	Truck: 154elec	Accounts Receivable	154	20.06	94434	
SPL	INVOICE	12/06/2021	h2	Sales Income	154	-20.06	94434	0.44	45.59	
ENDTRNS	
TRNS	INVOICE	12/06/2021	Truck: ABC	Accounts Receivable	243	0	94435	
SPL	INVOICE	12/06/2021	H-4	Sales Income	243	0.0	94435	6.91	0.0	
ENDTRNS	
TRNS	INVOICE	12/06/2021	Truck: 1926 O	Accounts Receivable	162	0	94436	
SPL	INVOICE	12/06/2021	H-2	Sales Income	162	0.0	94436	1.6	0.0	
ENDTRNS	
TRNS	INVOICE	12/06/2021	Truck: 154bchev	Accounts Receivable	154	0	94437	
SPL	INVOICE	12/06/2021	H2	Sales Income	154	0.0	94437	0.28	0.0	
ENDTRNS	
TRNS	INVOICE	12/06/2021	Truck: 154bfd	Accounts Receivable	154	0	94438	
SPL	INVOICE	12/06/2021	H2	Sales Income	154	0.0	94438	0.47	0.0	
ENDTRNS	
TRNS	INVOICE	12/06/2021	Truck: 154bram	Accounts Receivable	154	0	94439	
SPL	INVOICE	12/06/2021	H2	Sales Income	154	0.0	94439	0.08	0.0	
ENDTRNS	
TRNS	INVOICE	12/06/2021	Truck: 154outdoor	Accounts Receivable	154	0	94440	
SPL	INVOICE	12/06/2021	H2	Sales Income	154	0.0	94440	0.58	0.0	
ENDTRNS	
TRNS	INVOICE	12/06/2021	Truck: 1926 C	Accounts Receivable	162	0	94441	
SPL	INVOICE	12/06/2021	H-2	Sales Income	162	0.0	94441	7.27	0.0	
ENDTRNS	
TRNS	INVOICE	12/06/2021	Truck: 154staho	Accounts Receivable	154	0	94442	
SPL	INVOICE	12/06/2021	H2	Sales Income	154	0.0	94442	0.05	0.0	
ENDTRNS	
TRNS	INVOICE	12/06/2021	Truck: 1 2 3	Accounts Receivable	154	0	94443	
SPL	INVOICE	12/06/2021	H-2	Sales Income	154	0.0	94443	2.17	0.0	
ENDTRNS	
TRNS	INVOICE	12/06/2021	Truck: 1542tnfd	Accounts Receivable	154	0	94444	
SPL	INVOICE	12/06/2021	H2	Sales Income	154	0.0	94444	0.15	0.0	
ENDTRNS	
TRNS	INVOICE	12/06/2021	Truck: 154blkram	Accounts Receivable	154	0	94445	
SPL	INVOICE	12/06/2021	H2	Sales Income	154	0.0	94445	0.17	0.0	
ENDTRNS	
TRNS	INVOICE	12/06/2021	Truck: 182wram	Accounts Receivable	182	93.02	94446	
SPL	INVOICE	12/06/2021	DC	Sales Income	182	-93.02	94446	2.04	45.6	
ENDTRNS	
TRNS	INVOICE	12/06/2021	Truck: 154gryfd	Accounts Receivable	154	0	94447	
SPL	INVOICE	12/06/2021	I-2	Sales Income	154	0.0	94447	0.53	0.0	
ENDTRNS	
TRNS	INVOICE	12/06/2021	Truck: 1925	Accounts Receivable	162	0	94448	
SPL	INVOICE	12/06/2021	H-2	Sales Income	162	0.0	94448	5.24	0.0	
ENDTRNS	
TRNS	INVOICE	12/06/2021	Truck: CoH2	Accounts Receivable	154	0	94449	
SPL	INVOICE	12/06/2021	I-2	Sales Income	154	0.0	94449	0.52	0.0	
ENDTRNS	
TRNS	INVOICE	12/06/2021	Truck: 154gtun	Accounts Receivable	154	0	94450	
SPL	INVOICE	12/06/2021	H2	Sales Income	154	0.0	94450	0.19	0.0	
ENDTRNS	
TRNS	INVOICE	12/06/2021	Truck: 1926 O	Accounts Receivable	162	0	94451	
SPL	INVOICE	12/06/2021	H-2	Sales Income	162	0.0	94451	1.79	0.0	
ENDTRNS	
TRNS	INVOICE	12/06/2021	Truck: 182blkfd	Accounts Receivable	182	32.83	94452	
SPL	INVOICE	12/06/2021	DC	Sales Income	182	-32.83	94452	0.72	45.6	
ENDTRNS	
TRNS	INVOICE	12/06/2021	Truck: 154wcar	Accounts Receivable	154	21.43	94453	
SPL	INVOICE	12/06/2021	H1	Sales Income	154	-21.43	94453	0.47	45.6	
ENDTRNS	
TRNS	INVOICE	12/06/2021	Truck: 154w3500	Accounts Receivable	154	0	94454	
SPL	INVOICE	12/06/2021	H2	Sales Income	154	0.0	94454	0.31	0.0	
ENDTRNS	
TRNS	INVOICE	12/06/2021	Truck: 154rdtac	Accounts Receivable	154	0	94455	
SPL	INVOICE	12/06/2021	I-2	Sales Income	154	0.0	94455	0.37	0.0	
ENDTRNS	
TRNS	INVOICE	12/06/2021	Truck: 154fdflat	Accounts Receivable	154	0	94456	
SPL	INVOICE	12/06/2021	H2	Sales Income	154	0.0	94456	0.34	0.0	
ENDTRNS	
TRNS	INVOICE	12/06/2021	Truck: 1905	Accounts Receivable	162	0	94457	
SPL	INVOICE	12/06/2021	H-2	Sales Income	162	0.0	94457	8.05	0.0	
ENDTRNS	
TRNS	INVOICE	12/06/2021	Truck: 154wfd	Accounts Receivable	154	0	94458	
SPL	INVOICE	12/06/2021	H2	Sales Income	154	0.0	94458	0.13	0.0	
ENDTRNS	
TRNS	INVOICE	12/06/2021	Truck: 182bsil	Accounts Receivable	182	24.17	94459	
SPL	INVOICE	12/06/2021	DC	Sales Income	182	-24.17	94459	0.53	45.6	
ENDTRNS	
TRNS	INVOICE	12/06/2021	Truck: 154gsuv	Accounts Receivable	154	0	94460	
SPL	INVOICE	12/06/2021	H2	Sales Income	154	0.0	94460	0.01	0.0	
ENDTRNS	
TRNS	INVOICE	12/07/2021	Truck: 1001JCGCOM	Accounts Receivable	240	179.66	94461	
SPL	INVOICE	12/07/2021	H1	Sales Income	240	-179.66	94461	3.94	45.6	
ENDTRNS	
TRNS	INVOICE	12/07/2021	Truck: SHILOH	Accounts Receivable	154	0	94462	
SPL	INVOICE	12/07/2021	H2	Sales Income	154	0.0	94462	0.39	0.0	
ENDTRNS	
TRNS	INVOICE	12/07/2021	Truck: 1133	Accounts Receivable	173	0	94463	
SPL	INVOICE	12/07/2021	H-3	Sales Income	173	0.0	94463	24.95	0.0	
ENDTRNS	
TRNS	INVOICE	12/07/2021	Truck: 1001JCG20y	Accounts Receivable	240	56.54	94464	
SPL	INVOICE	12/07/2021	H1	Sales Income	240	-56.54	94464	1.24	45.6	
ENDTRNS	
TRNS	INVOICE	12/07/2021	Truck: 154wjeep/	Accounts Receivable	154	0	94465	
SPL	INVOICE	12/07/2021	I-2	Sales Income	154	0.0	94465	0.37	0.0	
ENDTRNS	
TRNS	INVOICE	12/07/2021	Truck: 182mf250	Accounts Receivable	182	15.05	94466	
SPL	INVOICE	12/07/2021	DC	Sales Income	182	-15.05	94466	0.33	45.61	
ENDTRNS	
TRNS	INVOICE	12/07/2021	Truck: CoH2	Accounts Receivable	154	0	94467	
SPL	INVOICE	12/07/2021	I-2	Sales Income	154	0.0	94467	0.23	0.0	
ENDTRNS	
TRNS	INVOICE	12/07/2021	Truck: 1001jcg30	Accounts Receivable	240	84.82	94468	
SPL	INVOICE	12/07/2021	H1	Sales Income	240	-84.82	94468	1.86	45.6	
ENDTRNS	
TRNS	INVOICE	12/07/2021	Truck: 182davis	Accounts Receivable	182	60.65	94469	
SPL	INVOICE	12/07/2021	DC	Sales Income	182	-60.65	94469	1.33	45.6	
ENDTRNS	
TRNS	INVOICE	12/07/2021	Truck: 238	Accounts Receivable	238	19.61	94470	
SPL	INVOICE	12/07/2021	DC	Sales Income	238	-19.61	94470	0.43	45.6	
ENDTRNS	
TRNS	INVOICE	12/07/2021	Truck: 154wf250	Accounts Receivable	154	0	94471	
SPL	INVOICE	12/07/2021	H2	Sales Income	154	0.0	94471	0.07	0.0	
ENDTRNS	
TRNS	INVOICE	12/07/2021	Truck: 154rtac/t	Accounts Receivable	154	0	94472	
SPL	INVOICE	12/07/2021	I-2	Sales Income	154	0.0	94472	0.63	0.0	
ENDTRNS	
TRNS	INVOICE	12/07/2021	Truck: 154wcsil/t	Accounts Receivable	154	0	94473	
SPL	INVOICE	12/07/2021	I-2	Sales Income	154	0.0	94473	0.99	0.0	
ENDTRNS	
TRNS	INVOICE	12/07/2021	Truck: Renne's 94	Accounts Receivable	194	33.29	94474	
SPL	INVOICE	12/07/2021	H1	Sales Income	194	-33.29	94474	0.73	45.6	
ENDTRNS	
TRNS	INVOICE	12/07/2021	Truck: 154white	Accounts Receivable	154	0	94475	
SPL	INVOICE	12/07/2021	H2	Sales Income	154	0.0	94475	0.21	0.0	
ENDTRNS	
TRNS	INVOICE	12/07/2021	Truck: 154wf150	Accounts Receivable	154	0	94476	
SPL	INVOICE	12/07/2021	H2	Sales Income	154	0.0	94476	0.06	0.0	
ENDTRNS	
TRNS	INVOICE	12/07/2021	Truck: 1001pmryc	Accounts Receivable	240	35.57	94477	
SPL	INVOICE	12/07/2021	H1	Sales Income	240	-35.57	94477	0.78	45.6	
ENDTRNS	
TRNS	INVOICE	12/07/2021	Truck: 1925	Accounts Receivable	162	0	94478	
SPL	INVOICE	12/07/2021	H-2	Sales Income	162	0.0	94478	7.06	0.0	
ENDTRNS	
TRNS	INVOICE	12/07/2021	Truck: 154bsuv/t	Accounts Receivable	154	0	94479	
SPL	INVOICE	12/07/2021	I-2	Sales Income	154	0.0	94479	0.15	0.0	
ENDTRNS	
TRNS	INVOICE	12/07/2021	Truck: 154wfocus	Accounts Receivable	154	0	94480	
SPL	INVOICE	12/07/2021	H2	Sales Income	154	0.0	94480	0.86	0.0	
ENDTRNS	
TRNS	INVOICE	12/07/2021	Truck: 154sram25	Accounts Receivable	154	0	94481	
SPL	INVOICE	12/07/2021	H2	Sales Income	154	0.0	94481	0.05	0.0	
ENDTRNS	
TRNS	INVOICE	12/07/2021	Truck: 154wvan	Accounts Receivable	154	0	94482	
SPL	INVOICE	12/07/2021	H2	Sales Income	154	0.0	94482	0.05	0.0	
ENDTRNS	
TRNS	INVOICE	12/07/2021	Truck: 1133	Accounts Receivable	173	0	94483	
SPL	INVOICE	12/07/2021	H-3	Sales Income	173	0.0	94483	22.97	0.0	
ENDTRNS	
TRNS	INVOICE	12/07/2021	Truck: CoH2	Accounts Receivable	154	0	94484	
SPL	INVOICE	12/07/2021	I-2	Sales Income	154	0.0	94484	0.28	0.0	
ENDTRNS	
TRNS	INVOICE	12/07/2021	Truck: 154wcs10	Accounts Receivable	182	7.75	94485	
SPL	INVOICE	12/07/2021	DC	Sales Income	182	-7.75	94485	0.17	45.59	
ENDTRNS	
TRNS	INVOICE	12/07/2021	Truck: 154bf150	Accounts Receivable	154	0	94486	
SPL	INVOICE	12/07/2021	H2	Sales Income	154	0.0	94486	0.01	0.0	
ENDTRNS	
TRNS	INVOICE	12/07/2021	Truck: 1924	Accounts Receivable	162	0	94487	
SPL	INVOICE	12/07/2021	H-2	Sales Income	162	0.0	94487	7.52	0.0	
ENDTRNS	
TRNS	INVOICE	12/07/2021	Truck: 154wf150	Accounts Receivable	154	0	94488	
SPL	INVOICE	12/07/2021	H2	Sales Income	154	0.0	94488	0.21	0.0	
ENDTRNS	
TRNS	INVOICE	12/07/2021	Truck: 1907	Accounts Receivable	162	0	94489	
SPL	INVOICE	12/07/2021	H-2	Sales Income	162	0.0	94489	8.99	0.0	
ENDTRNS	
TRNS	INVOICE	12/07/2021	Truck: 154wtac	Accounts Receivable	182	7.3	94490	
SPL	INVOICE	12/07/2021	DC	Sales Income	182	-7.3	94490	0.16	45.62	
ENDTRNS	
TRNS	INVOICE	12/07/2021	Truck: 154bcsilv/	Accounts Receivable	154	0	94491	
SPL	INVOICE	12/07/2021	H2	Sales Income	154	0.0	94491	0.18	0.0	
ENDTRNS	
TRNS	INVOICE	12/07/2021	Truck: 154rcsilv/	Accounts Receivable	182	35.11	94492	
SPL	INVOICE	12/07/2021	DC	Sales Income	182	-35.11	94492	0.77	45.6	
ENDTRNS	
TRNS	INVOICE	12/07/2021	Truck: 154btit	Accounts Receivable	154	0	94493	
SPL	INVOICE	12/07/2021	H2	Sales Income	154	0.0	94493	0.18	0.0	
ENDTRNS	
TRNS	INVOICE	12/07/2021	Truck: 154bf150	Accounts Receivable	182	8.66	94494	
SPL	INVOICE	12/07/2021	DC	Sales Income	182	-8.66	94494	0.19	45.58	
ENDTRNS	
TRNS	INVOICE	12/07/2021	Truck: 154bc1500	Accounts Receivable	154	0	94495	
SPL	INVOICE	12/07/2021	H2	Sales Income	154	0.0	94495	0.06	0.0	
ENDTRNS	
TRNS	INVOICE	12/07/2021	Truck: 1905	Accounts Receivable	162	0	94496	
SPL	INVOICE	12/07/2021	H-2	Sales Income	162	0.0	94496	9.41	0.0	
ENDTRNS	
TRNS	INVOICE	12/07/2021	Truck: CoH2	Accounts Receivable	154	0	94497	
SPL	INVOICE	12/07/2021	I-2	Sales Income	154	0.0	94497	0.45	0.0	
ENDTRNS	
TRNS	INVOICE	12/07/2021	Truck: 154wcsil	Accounts Receivable	154	0	94498	
SPL	INVOICE	12/07/2021	H2	Sales Income	154	0.0	94498	0.07	0.0	
ENDTRNS	
TRNS	INVOICE	12/07/2021	Truck: 154wc2500/	Accounts Receivable	154	0	94500	
SPL	INVOICE	12/07/2021	H2	Sales Income	154	0.0	94500	0.47	0.0	
ENDTRNS	
TRNS	INVOICE	12/07/2021	Truck: 1925	Accounts Receivable	162	0	94501	
SPL	INVOICE	12/07/2021	H-2	Sales Income	162	0.0	94501	2.84	0.0	
ENDTRNS	
TRNS	INVOICE	12/07/2021	Truck: 1923	Accounts Receivable	162	0	94502	
SPL	INVOICE	12/07/2021	H-2	Sales Income	162	0.0	94502	10.1	0.0	
ENDTRNS	
TRNS	INVOICE	12/07/2021	Truck: 154wram	Accounts Receivable	154	0	94503	
SPL	INVOICE	12/07/2021	H2	Sales Income	154	0.0	94503	0.09	0.0	
ENDTRNS	
TRNS	INVOICE	12/07/2021	Truck: 154bccolo	Accounts Receivable	154	0	94504	
SPL	INVOICE	12/07/2021	H2	Sales Income	154	0.0	94504	0.01	0.0	
ENDTRNS	
TRNS	INVOICE	12/07/2021	Truck: 1906	Accounts Receivable	162	0	94505	
SPL	INVOICE	12/07/2021	H-2	Sales Income	162	0.0	94505	10.14	0.0	
ENDTRNS	
TRNS	INVOICE	12/07/2021	Truck: 154wf350	Accounts Receivable	154	0	94506	
SPL	INVOICE	12/07/2021	H2	Sales Income	154	0.0	94506	0.08	0.0	
ENDTRNS	
TRNS	INVOICE	12/07/2021	Truck: 182davis	Accounts Receivable	182	33.74	94507	
SPL	INVOICE	12/07/2021	DC	Sales Income	182	-33.74	94507	0.74	45.59	
ENDTRNS	
TRNS	INVOICE	12/07/2021	Truck: 1133	Accounts Receivable	173	0	94508	
SPL	INVOICE	12/07/2021	H-3	Sales Income	173	0.0	94508	32.59	0.0	
ENDTRNS	
TRNS	INVOICE	12/08/2021	Truck: 2664	Accounts Receivable	173	0	94509	
SPL	INVOICE	12/08/2021	H-3	Sales Income	173	0.0	94509	27.33	0.0	
ENDTRNS	
TRNS	INVOICE	12/08/2021	Truck: 1133	Accounts Receivable	173	0	94511	
SPL	INVOICE	12/08/2021	H-3	Sales Income	173	0.0	94511	25.36	0.0	
ENDTRNS	
TRNS	INVOICE	12/08/2021	Truck: 154wtac	Accounts Receivable	154	0	94512	
SPL	INVOICE	12/08/2021	H2	Sales Income	154	0.0	94512	0.11	0.0	
ENDTRNS	
TRNS	INVOICE	12/08/2021	Truck: 154bcsilv	Accounts Receivable	154	0	94513	
SPL	INVOICE	12/08/2021	H2	Sales Income	154	0.0	94513	0.17	0.0	
ENDTRNS	
TRNS	INVOICE	12/08/2021	Truck: 182wd/t	Accounts Receivable	182	45.6	94514	
SPL	INVOICE	12/08/2021	DC	Sales Income	182	-45.6	94514	1	45.6	
ENDTRNS	
TRNS	INVOICE	12/08/2021	Truck: 154mf150	Accounts Receivable	154	0	94515	
SPL	INVOICE	12/08/2021	H2	Sales Income	154	0.0	94515	0.02	0.0	
ENDTRNS	
TRNS	INVOICE	12/08/2021	Truck: 405-1233	Accounts Receivable	150	0	94516	
SPL	INVOICE	12/08/2021	H2	Sales Income	150	0.0	94516	0.87	0.0	
ENDTRNS	
TRNS	INVOICE	12/08/2021	Truck: 1001JCGCOM	Accounts Receivable	240	155.5	94517	
SPL	INVOICE	12/08/2021	H1	Sales Income	240	-155.5	94517	3.41	45.6	
ENDTRNS	
TRNS	INVOICE	12/08/2021	Truck: 182dumpot	Accounts Receivable	182	450.07	94518	
SPL	INVOICE	12/08/2021	H1	Sales Income	182	-450.07	94518	9.87	45.6	
ENDTRNS	
TRNS	INVOICE	12/08/2021	Truck: 154bram150	Accounts Receivable	182	256.27	94519	
SPL	INVOICE	12/08/2021	DC	Sales Income	182	-256.27	94519	5.62	45.6	
ENDTRNS	
TRNS	INVOICE	12/08/2021	Truck: 2137	Accounts Receivable	173	0	94520	
SPL	INVOICE	12/08/2021	H-3	Sales Income	173	0.0	94520	26.15	0.0	
ENDTRNS	
TRNS	INVOICE	12/08/2021	Truck: 1925	Accounts Receivable	162	0	94521	
SPL	INVOICE	12/08/2021	H-2	Sales Income	162	0.0	94521	9.34	0.0	
ENDTRNS	
TRNS	INVOICE	12/08/2021	Truck: 1133	Accounts Receivable	173	0	94522	
SPL	INVOICE	12/08/2021	H-3	Sales Income	173	0.0	94522	28.52	0.0	
ENDTRNS	
TRNS	INVOICE	12/08/2021	Truck: 154wsp/t	Accounts Receivable	154	0	94523	
SPL	INVOICE	12/08/2021	H2	Sales Income	154	0.0	94523	0.29	0.0	
ENDTRNS	
TRNS	INVOICE	12/08/2021	Truck: 154gsuv/t	Accounts Receivable	154	0	94524	
SPL	INVOICE	12/08/2021	H2	Sales Income	154	0.0	94524	0.07	0.0	
ENDTRNS	
TRNS	INVOICE	12/08/2021	Truck: 154wcust	Accounts Receivable	154	0	94525	
SPL	INVOICE	12/08/2021	H2	Sales Income	154	0.0	94525	0.15	0.0	
ENDTRNS	
TRNS	INVOICE	12/08/2021	Truck: 1905	Accounts Receivable	162	0	94526	
SPL	INVOICE	12/08/2021	H-2	Sales Income	162	0.0	94526	6.53	0.0	
ENDTRNS	
TRNS	INVOICE	12/08/2021	Truck: 1903	Accounts Receivable	162	0	94527	
SPL	INVOICE	12/08/2021	H-2	Sales Income	162	0.0	94527	8.56	0.0	
ENDTRNS	
TRNS	INVOICE	12/08/2021	Truck: 154wf250	Accounts Receivable	154	0	94528	
SPL	INVOICE	12/08/2021	H2	Sales Income	154	0.0	94528	0.06	0.0	
ENDTRNS	
TRNS	INVOICE	12/08/2021	Truck: 154bf150/t	Accounts Receivable	154	0	94529	
SPL	INVOICE	12/08/2021	H2	Sales Income	154	0.0	94529	0.21	0.0	
ENDTRNS	
TRNS	INVOICE	12/08/2021	Truck: 154rcsil	Accounts Receivable	154	0	94530	
SPL	INVOICE	12/08/2021	I-2	Sales Income	154	0.0	94530	0.23	0.0	
ENDTRNS	
TRNS	INVOICE	12/08/2021	Truck: 1925	Accounts Receivable	162	0	94531	
SPL	INVOICE	12/08/2021	H-2	Sales Income	162	0.0	94531	1.84	0.0	
ENDTRNS	
TRNS	INVOICE	12/08/2021	Truck: 154stund	Accounts Receivable	154	0	94532	
SPL	INVOICE	12/08/2021	H2	Sales Income	154	0.0	94532	0.06	0.0	
ENDTRNS	
TRNS	INVOICE	12/08/2021	Truck: 1924	Accounts Receivable	162	0	94533	
SPL	INVOICE	12/08/2021	H-2	Sales Income	162	0.0	94533	5.72	0.0	
ENDTRNS	
TRNS	INVOICE	12/08/2021	Truck: 1923	Accounts Receivable	162	0	94534	
SPL	INVOICE	12/08/2021	H-2	Sales Income	162	0.0	94534	10.04	0.0	
ENDTRNS	
TRNS	INVOICE	12/08/2021	Truck: 154bf250	Accounts Receivable	154	0	94535	
SPL	INVOICE	12/08/2021	H2	Sales Income	154	0.0	94535	0.24	0.0	
ENDTRNS	
TRNS	INVOICE	12/08/2021	Truck: 154wtund	Accounts Receivable	154	0	94536	
SPL	INVOICE	12/08/2021	H2	Sales Income	154	0.0	94536	0.04	0.0	
ENDTRNS	
TRNS	INVOICE	12/08/2021	Truck: 238	Accounts Receivable	238	31.92	94537	
SPL	INVOICE	12/08/2021	DC	Sales Income	238	-31.92	94537	0.7	45.6	
ENDTRNS	
TRNS	INVOICE	12/08/2021	Truck: 154wc3500/	Accounts Receivable	154	0	94538	
SPL	INVOICE	12/08/2021	H2	Sales Income	154	0.0	94538	0.34	0.0	
ENDTRNS	
TRNS	INVOICE	12/08/2021	Truck: 1906	Accounts Receivable	162	0	94539	
SPL	INVOICE	12/08/2021	H-2	Sales Income	162	0.0	94539	9.49	0.0	
ENDTRNS	
TRNS	INVOICE	12/08/2021	Truck: 2137	Accounts Receivable	173	0	94540	
SPL	INVOICE	12/08/2021	H-3	Sales Income	173	0.0	94540	29.63	0.0	
ENDTRNS	
TRNS	INVOICE	12/08/2021	Truck: 154gr	Accounts Receivable	182	11.4	94541	
SPL	INVOICE	12/08/2021	DC	Sales Income	182	-11.4	94541	0.25	45.6	
ENDTRNS	
TRNS	INVOICE	12/08/2021	Truck: 154car	Accounts Receivable	154	0	94542	
SPL	INVOICE	12/08/2021	H2	Sales Income	154	0.0	94542	0.09	0.0	
ENDTRNS	
TRNS	INVOICE	12/08/2021	Truck: 1133	Accounts Receivable	173	0	94543	
SPL	INVOICE	12/08/2021	H-3	Sales Income	173	0.0	94543	27.15	0.0	
ENDTRNS	
TRNS	INVOICE	12/08/2021	Truck: 154gf150/t	Accounts Receivable	154	0	94544	
SPL	INVOICE	12/08/2021	H2	Sales Income	154	0.0	94544	0.2	0.0	
ENDTRNS	
TRNS	INVOICE	12/08/2021	Truck: 154bram	Accounts Receivable	154	0	94545	
SPL	INVOICE	12/08/2021	H2	Sales Income	154	0.0	94545	0.07	0.0	
ENDTRNS	
TRNS	INVOICE	12/08/2021	Truck: 154wf150	Accounts Receivable	154	0	94546	
SPL	INVOICE	12/08/2021	H2	Sales Income	154	0.0	94546	0.16	0.0	
ENDTRNS	
TRNS	INVOICE	12/08/2021	Truck: 154svan	Accounts Receivable	154	0	94547	
SPL	INVOICE	12/08/2021	H2	Sales Income	154	0.0	94547	0.02	0.0	
ENDTRNS	
TRNS	INVOICE	12/09/2021	Truck: 154bf150	Accounts Receivable	154	0	94548	
SPL	INVOICE	12/09/2021	H2	Sales Income	154	0.0	94548	0.07	0.0	
ENDTRNS	
TRNS	INVOICE	12/09/2021	Truck: 154wf250	Accounts Receivable	154	0	94549	
SPL	INVOICE	12/09/2021	H2	Sales Income	154	0.0	94549	0.02	0.0	
ENDTRNS	
TRNS	INVOICE	12/09/2021	Truck: 405-1489	Accounts Receivable	150	0	94550	
SPL	INVOICE	12/09/2021	I-2	Sales Income	150	0.0	94550	0.19	0.0	
ENDTRNS	
TRNS	INVOICE	12/09/2021	Truck: 1921-I	Accounts Receivable	162	0	94551	
SPL	INVOICE	12/09/2021	I-2	Sales Income	162	0.0	94551	0.8	0.0	
ENDTRNS	
TRNS	INVOICE	12/09/2021	Truck: 154sram	Accounts Receivable	154	0	94552	
SPL	INVOICE	12/09/2021	H2	Sales Income	154	0.0	94552	0.27	0.0	
ENDTRNS	
TRNS	INVOICE	12/09/2021	Truck: 1133	Accounts Receivable	173	0	94553	
SPL	INVOICE	12/09/2021	H-3	Sales Income	173	0.0	94553	28.05	0.0	
ENDTRNS	
TRNS	INVOICE	12/09/2021	Truck: Fac. Maint	Accounts Receivable	161	0	94554	
SPL	INVOICE	12/09/2021	H2	Sales Income	161	0.0	94554	0.01	0.0	
ENDTRNS	
TRNS	INVOICE	12/09/2021	Truck: 1001JCGCOM	Accounts Receivable	240	142.27	94555	
SPL	INVOICE	12/09/2021	H1	Sales Income	240	-142.27	94555	3.12	45.6	
ENDTRNS	
TRNS	INVOICE	12/09/2021	Truck: 154wfrn/t	Accounts Receivable	182	16.42	94556	
SPL	INVOICE	12/09/2021	DC	Sales Income	182	-16.42	94556	0.36	45.61	
ENDTRNS	
TRNS	INVOICE	12/09/2021	Truck: 1921-C	Accounts Receivable	162	0	94557	
SPL	INVOICE	12/09/2021	H-2	Sales Income	162	0.0	94557	8	0.0	
ENDTRNS	
TRNS	INVOICE	12/09/2021	Truck: CoH2	Accounts Receivable	154	0	94558	
SPL	INVOICE	12/09/2021	I-2	Sales Income	154	0.0	94558	0.4	0.0	
ENDTRNS	
TRNS	INVOICE	12/09/2021	Truck: 154rf150/	Accounts Receivable	154	0	94559	
SPL	INVOICE	12/09/2021	I-2	Sales Income	154	0.0	94559	1.55	0.0	
ENDTRNS	
TRNS	INVOICE	12/09/2021	Truck: 154wf250	Accounts Receivable	182	109.44	94560	
SPL	INVOICE	12/09/2021	DC	Sales Income	182	-109.44	94560	2.4	45.6	
ENDTRNS	
TRNS	INVOICE	12/09/2021	Truck: 1001jcg30	Accounts Receivable	240	46.06	94561	
SPL	INVOICE	12/09/2021	H1	Sales Income	240	-46.06	94561	1.01	45.6	
ENDTRNS	
TRNS	INVOICE	12/09/2021	Truck: 154rtac/t	Accounts Receivable	154	0	94562	
SPL	INVOICE	12/09/2021	I-2	Sales Income	154	0.0	94562	0.72	0.0	
ENDTRNS	
TRNS	INVOICE	12/09/2021	Truck: 154jeep/	Accounts Receivable	154	0	94563	
SPL	INVOICE	12/09/2021	H2	Sales Income	154	0.0	94563	0.21	0.0	
ENDTRNS	
TRNS	INVOICE	12/09/2021	Truck: 154wsuv/t	Accounts Receivable	154	0	94565	
SPL	INVOICE	12/09/2021	I-2	Sales Income	154	0.0	94565	0.09	0.0	
ENDTRNS	
TRNS	INVOICE	12/09/2021	Truck: 154tf150	Accounts Receivable	182	21.89	94566	
SPL	INVOICE	12/09/2021	DC	Sales Income	182	-21.89	94566	0.48	45.6	
ENDTRNS	
TRNS	INVOICE	12/09/2021	Truck: 154wf250	Accounts Receivable	154	0	94567	
SPL	INVOICE	12/09/2021	H2	Sales Income	154	0.0	94567	0.02	0.0	
ENDTRNS	
TRNS	INVOICE	12/09/2021	Truck: 154wf150	Accounts Receivable	154	0	94568	
SPL	INVOICE	12/09/2021	H2	Sales Income	154	0.0	94568	0.13	0.0	
ENDTRNS	
TRNS	INVOICE	12/09/2021	Truck: 154bf150	Accounts Receivable	154	0	94569	
SPL	INVOICE	12/09/2021	H2	Sales Income	154	0.0	94569	0.04	0.0	
ENDTRNS	
TRNS	INVOICE	12/09/2021	Truck: 154bsuv	Accounts Receivable	154	0	94570	
SPL	INVOICE	12/09/2021	H2	Sales Income	154	0.0	94570	0.05	0.0	
ENDTRNS	
TRNS	INVOICE	12/09/2021	Truck: 154rf150	Accounts Receivable	154	0	94571	
SPL	INVOICE	12/09/2021	H2	Sales Income	154	0.0	94571	0.09	0.0	
ENDTRNS	
TRNS	INVOICE	12/09/2021	Truck: 154sf150/t	Accounts Receivable	154	0	94572	
SPL	INVOICE	12/09/2021	H2	Sales Income	154	0.0	94572	0.37	0.0	
ENDTRNS	
TRNS	INVOICE	12/09/2021	Truck: 154wf150	Accounts Receivable	154	0	94573	
SPL	INVOICE	12/09/2021	H2	Sales Income	154	0.0	94573	0.16	0.0	
ENDTRNS	
TRNS	INVOICE	12/09/2021	Truck: 154bsuv	Accounts Receivable	154	0	94574	
SPL	INVOICE	12/09/2021	H2	Sales Income	154	0.0	94574	0.09	0.0	
ENDTRNS	
TRNS	INVOICE	12/09/2021	Truck: 154bttund	Accounts Receivable	154	0	94575	
SPL	INVOICE	12/09/2021	H2	Sales Income	154	0.0	94575	0.08	0.0	
ENDTRNS	
TRNS	INVOICE	12/09/2021	Truck: 1906	Accounts Receivable	162	0	94576	
SPL	INVOICE	12/09/2021	H-2	Sales Income	162	0.0	94576	6.44	0.0	
ENDTRNS	
TRNS	INVOICE	12/09/2021	Truck: 154rram	Accounts Receivable	154	0	94577	
SPL	INVOICE	12/09/2021	H2	Sales Income	154	0.0	94577	0.03	0.0	
ENDTRNS	
TRNS	INVOICE	12/09/2021	Truck: 1921-I	Accounts Receivable	162	0	94578	
SPL	INVOICE	12/09/2021	I-2	Sales Income	162	0.0	94578	1.12	0.0	
ENDTRNS	
TRNS	INVOICE	12/09/2021	Truck: 154wgmc	Accounts Receivable	154	0	94579	
SPL	INVOICE	12/09/2021	H2	Sales Income	154	0.0	94579	0.21	0.0	
ENDTRNS	
TRNS	INVOICE	12/09/2021	Truck: 154wtun/t	Accounts Receivable	154	0	94580	
SPL	INVOICE	12/09/2021	I-2	Sales Income	154	0.0	94580	1.51	0.0	
ENDTRNS	
TRNS	INVOICE	12/09/2021	Truck: 1905	Accounts Receivable	162	0	94581	
SPL	INVOICE	12/09/2021	H-2	Sales Income	162	0.0	94581	6.44	0.0	
ENDTRNS	
TRNS	INVOICE	12/09/2021	Truck: 1133	Accounts Receivable	173	0	94582	
SPL	INVOICE	12/09/2021	H-3	Sales Income	173	0.0	94582	22.03	0.0	
ENDTRNS	
TRNS	INVOICE	12/09/2021	Truck: 1 2 3	Accounts Receivable	154	0	94583	
SPL	INVOICE	12/09/2021	H-2	Sales Income	154	0.0	94583	1.6	0.0	
ENDTRNS	
TRNS	INVOICE	12/09/2021	Truck: 1923	Accounts Receivable	162	0	94584	
SPL	INVOICE	12/09/2021	H-2	Sales Income	162	0.0	94584	7.59	0.0	
ENDTRNS	
TRNS	INVOICE	12/09/2021	Truck: 1903	Accounts Receivable	162	0	94585	
SPL	INVOICE	12/09/2021	H-2	Sales Income	162	0.0	94585	7.17	0.0	
ENDTRNS	
TRNS	INVOICE	12/09/2021	Truck: 154rtac/	Accounts Receivable	154	0	94586	
SPL	INVOICE	12/09/2021	I-2	Sales Income	154	0.0	94586	0.68	0.0	
ENDTRNS	
TRNS	INVOICE	12/09/2021	Truck: 1925	Accounts Receivable	162	0	94587	
SPL	INVOICE	12/09/2021	H-2	Sales Income	162	0.0	94587	6.41	0.0	
ENDTRNS	
TRNS	INVOICE	12/09/2021	Truck: CoH2	Accounts Receivable	154	0	94588	
SPL	INVOICE	12/09/2021	I-2	Sales Income	154	0.0	94588	0.17	0.0	
ENDTRNS	
TRNS	INVOICE	12/09/2021	Truck: 154bgmc	Accounts Receivable	154	0	94589	
SPL	INVOICE	12/09/2021	H2	Sales Income	154	0.0	94589	0.14	0.0	
ENDTRNS	
TRNS	INVOICE	12/09/2021	Truck: 154tram350	Accounts Receivable	154	0	94590	
SPL	INVOICE	12/09/2021	H2	Sales Income	154	0.0	94590	0.24	0.0	
ENDTRNS	
TRNS	INVOICE	12/09/2021	Truck: 154r150	Accounts Receivable	182	8.21	94591	
SPL	INVOICE	12/09/2021	DC	Sales Income	182	-8.21	94591	0.18	45.61	
ENDTRNS	
TRNS	INVOICE	12/09/2021	Truck: 1921-O	Accounts Receivable	162	0	94592	
SPL	INVOICE	12/09/2021	H-2	Sales Income	162	0.0	94592	3.49	0.0	
ENDTRNS	
TRNS	INVOICE	12/09/2021	Truck: 154van/	Accounts Receivable	154	0	94593	
SPL	INVOICE	12/09/2021	H2	Sales Income	154	0.0	94593	0.1	0.0	
ENDTRNS	
TRNS	INVOICE	12/09/2021	Truck: 154rram	Accounts Receivable	154	0	94594	
SPL	INVOICE	12/09/2021	H2	Sales Income	154	0.0	94594	0.06	0.0	
ENDTRNS	
TRNS	INVOICE	12/09/2021	Truck: 154bcsil/	Accounts Receivable	154	0	94595	
SPL	INVOICE	12/09/2021	H2	Sales Income	154	0.0	94595	0.14	0.0	
ENDTRNS	
TRNS	INVOICE	12/09/2021	Truck: 154mtsm	Accounts Receivable	182	69.31	94596	
SPL	INVOICE	12/09/2021	DC	Sales Income	182	-69.31	94596	1.52	45.6	
ENDTRNS	
TRNS	INVOICE	12/09/2021	Truck: 154hx71/	Accounts Receivable	154	0	94597	
SPL	INVOICE	12/09/2021	H2	Sales Income	154	0.0	94597	0.2	0.0	
ENDTRNS	
TRNS	INVOICE	12/09/2021	Truck: 154wf250	Accounts Receivable	154	0	94598	
SPL	INVOICE	12/09/2021	H2	Sales Income	154	0.0	94598	0.05	0.0	
ENDTRNS	
TRNS	INVOICE	12/09/2021	Truck: 182	Accounts Receivable	236	27.36	94599	
SPL	INVOICE	12/09/2021	DC	Sales Income	236	-27.36	94599	0.6	45.6	
ENDTRNS	
TRNS	INVOICE	12/09/2021	Truck: 1637-25	Accounts Receivable	164	0	94600	
SPL	INVOICE	12/09/2021	I-2	Sales Income	164	0.0	94600	5	0.0	
ENDTRNS	
TRNS	INVOICE	12/09/2021	Truck: 154bram/t	Accounts Receivable	182	31.92	94601	
SPL	INVOICE	12/09/2021	DC	Sales Income	182	-31.92	94601	0.7	45.6	
ENDTRNS	
TRNS	INVOICE	12/09/2021	Truck: 1921-O	Accounts Receivable	162	0	94602	
SPL	INVOICE	12/09/2021	H-2	Sales Income	162	0.0	94602	2.25	0.0	
ENDTRNS	
TRNS	INVOICE	12/09/2021	Truck: 154scar	Accounts Receivable	154	0	94603	
SPL	INVOICE	12/09/2021	H2	Sales Income	154	0.0	94603	0.01	0.0	
ENDTRNS	
TRNS	INVOICE	12/09/2021	Truck: 154wspor	Accounts Receivable	154	0	94604	
SPL	INVOICE	12/09/2021	H2	Sales Income	154	0.0	94604	0.07	0.0	
ENDTRNS	
TRNS	INVOICE	12/09/2021	Truck: 154ssuv	Accounts Receivable	154	0	94605	
SPL	INVOICE	12/09/2021	H2	Sales Income	154	0.0	94605	0.04	0.0	
ENDTRNS	
TRNS	INVOICE	12/09/2021	Truck: 1636-24	Accounts Receivable	164	0	94606	
SPL	INVOICE	12/09/2021	I-2	Sales Income	164	0.0	94606	9.19	0.0	
ENDTRNS	
TRNS	INVOICE	12/09/2021	Truck: 154gf150	Accounts Receivable	154	0	94607	
SPL	INVOICE	12/09/2021	H2	Sales Income	154	0.0	94607	0.06	0.0	
ENDTRNS	
TRNS	INVOICE	12/09/2021	Truck: 154wgmc	Accounts Receivable	154	0	94609	
SPL	INVOICE	12/09/2021	H2	Sales Income	154	0.0	94609	0.02	0.0	
ENDTRNS	
TRNS	INVOICE	12/10/2021	Truck: 1001JCGCOM	Accounts Receivable	240	118.1	94610	
SPL	INVOICE	12/10/2021	H1	Sales Income	240	-118.1	94610	2.59	45.6	
ENDTRNS	
TRNS	INVOICE	12/10/2021	Truck: 154tava/t	Accounts Receivable	154	0	94611	
SPL	INVOICE	12/10/2021	H2	Sales Income	154	0.0	94611	0.21	0.0	
ENDTRNS	
TRNS	INVOICE	12/10/2021	Truck: 154wram/t	Accounts Receivable	154	18.24	94612	
SPL	INVOICE	12/10/2021	H2	Sales Income	154	-18.24	94612	0.4	45.6	
ENDTRNS	
TRNS	INVOICE	12/10/2021	Truck: 1921-I	Accounts Receivable	162	0	94613	
SPL	INVOICE	12/10/2021	I-2	Sales Income	162	0.0	94613	1.25	0.0	
ENDTRNS	
TRNS	INVOICE	12/10/2021	Truck: 154rf250/	Accounts Receivable	154	0	94614	
SPL	INVOICE	12/10/2021	H2	Sales Income	154	0.0	94614	0.22	0.0	
ENDTRNS	
TRNS	INVOICE	12/10/2021	Truck: 154wtac	Accounts Receivable	154	0	94615	
SPL	INVOICE	12/10/2021	H2	Sales Income	154	0.0	94615	0.11	0.0	
ENDTRNS	
TRNS	INVOICE	12/10/2021	Truck: 154wtac	Accounts Receivable	154	0	94616	
SPL	INVOICE	12/10/2021	H2	Sales Income	154	0.0	94616	0.02	0.0	
ENDTRNS	
TRNS	INVOICE	12/10/2021	Truck: 1001JCG20y	Accounts Receivable	240	39.67	94617	
SPL	INVOICE	12/10/2021	H1	Sales Income	240	-39.67	94617	0.87	45.6	
ENDTRNS	
TRNS	INVOICE	12/10/2021	Truck: 1921-C	Accounts Receivable	162	0	94618	
SPL	INVOICE	12/10/2021	H-2	Sales Income	162	0.0	94618	7.23	0.0	
ENDTRNS	
TRNS	INVOICE	12/10/2021	Truck: 1133	Accounts Receivable	173	0	94619	
SPL	INVOICE	12/10/2021	H-3	Sales Income	173	0.0	94619	27.18	0.0	
ENDTRNS	
TRNS	INVOICE	12/10/2021	Truck: 154bram	Accounts Receivable	154	0	94620	
SPL	INVOICE	12/10/2021	H2	Sales Income	154	0.0	94620	0.16	0.0	
ENDTRNS	
TRNS	INVOICE	12/10/2021	Truck: 1921-O	Accounts Receivable	162	0	94621	
SPL	INVOICE	12/10/2021	H-2	Sales Income	162	0.0	94621	1.63	0.0	
ENDTRNS	
TRNS	INVOICE	12/10/2021	Truck: 154gch	Accounts Receivable	154	0	94622	
SPL	INVOICE	12/10/2021	H2	Sales Income	154	0.0	94622	0.2	0.0	
ENDTRNS	
TRNS	INVOICE	12/10/2021	Truck: 1001CAL30	Accounts Receivable	240	45.14	94623	
SPL	INVOICE	12/10/2021	H1	Sales Income	240	-45.14	94623	0.99	45.6	
ENDTRNS	
TRNS	INVOICE	12/10/2021	Truck: 154bf350/t	Accounts Receivable	182	30.55	94624	
SPL	INVOICE	12/10/2021	DC	Sales Income	182	-30.55	94624	0.67	45.6	
ENDTRNS	
TRNS	INVOICE	12/10/2021	Truck: 154bram	Accounts Receivable	154	0	94625	
SPL	INVOICE	12/10/2021	H2	Sales Income	154	0.0	94625	0.07	0.0	
ENDTRNS	
TRNS	INVOICE	12/10/2021	Truck: 154btac	Accounts Receivable	154	0	94626	
SPL	INVOICE	12/10/2021	H2	Sales Income	154	0.0	94626	0.02	0.0	
ENDTRNS	
TRNS	INVOICE	12/10/2021	Truck: 154bsuv	Accounts Receivable	154	0	94627	
SPL	INVOICE	12/10/2021	H2	Sales Income	154	0.0	94627	0.04	0.0	
ENDTRNS	
TRNS	INVOICE	12/10/2021	Truck: 154ggmc/t	Accounts Receivable	154	0	94628	
SPL	INVOICE	12/10/2021	H2	Sales Income	154	0.0	94628	0.61	0.0	
ENDTRNS	
TRNS	INVOICE	12/10/2021	Truck: 154wd/t	Accounts Receivable	154	0	94629	
SPL	INVOICE	12/10/2021	H2	Sales Income	154	0.0	94629	0.42	0.0	
ENDTRNS	
TRNS	INVOICE	12/10/2021	Truck: 1001CAL30	Accounts Receivable	240	51.53	94630	
SPL	INVOICE	12/10/2021	H1	Sales Income	240	-51.53	94630	1.13	45.6	
ENDTRNS	
TRNS	INVOICE	12/10/2021	Truck: 1907	Accounts Receivable	162	0	94631	
SPL	INVOICE	12/10/2021	H-2	Sales Income	162	0.0	94631	7.21	0.0	
ENDTRNS	
TRNS	INVOICE	12/10/2021	Truck: 154rf150	Accounts Receivable	154	0	94632	
SPL	INVOICE	12/10/2021	H2	Sales Income	154	0.0	94632	0.27	0.0	
ENDTRNS	
TRNS	INVOICE	12/10/2021	Truck: 154bf350	Accounts Receivable	154	0	94633	
SPL	INVOICE	12/10/2021	W-2 (White Goods)	Sales Income	154	0.0	94633	0.04	0.0	
ENDTRNS	
TRNS	INVOICE	12/10/2021	Truck: 1905	Accounts Receivable	162	0	94634	
SPL	INVOICE	12/10/2021	H-2	Sales Income	162	0.0	94634	9.4	0.0	
ENDTRNS	
TRNS	INVOICE	12/10/2021	Truck: 154bf150/t	Accounts Receivable	182	58.82	94635	
SPL	INVOICE	12/10/2021	DC	Sales Income	182	-58.82	94635	1.29	45.6	
ENDTRNS	
TRNS	INVOICE	12/10/2021	Truck: 1925	Accounts Receivable	162	0	94636	
SPL	INVOICE	12/10/2021	H-2	Sales Income	162	0.0	94636	7.88	0.0	
ENDTRNS	
TRNS	INVOICE	12/10/2021	Truck: 154tbcsil	Accounts Receivable	154	0	94637	
SPL	INVOICE	12/10/2021	H2	Sales Income	154	0.0	94637	0.48	0.0	
ENDTRNS	
TRNS	INVOICE	12/10/2021	Truck: 154bram/tr	Accounts Receivable	154	0	94638	
SPL	INVOICE	12/10/2021	I-2	Sales Income	154	0.0	94638	0.57	0.0	
ENDTRNS	
TRNS	INVOICE	12/10/2021	Truck: 1923	Accounts Receivable	162	0	94639	
SPL	INVOICE	12/10/2021	H-2	Sales Income	162	0.0	94639	9.38	0.0	
ENDTRNS	
TRNS	INVOICE	12/10/2021	Truck: 154gutil	Accounts Receivable	154	0	94640	
SPL	INVOICE	12/10/2021	H2	Sales Income	154	0.0	94640	0.12	0.0	
ENDTRNS	
TRNS	INVOICE	12/10/2021	Truck: 1133	Accounts Receivable	173	0	94641	
SPL	INVOICE	12/10/2021	H-3	Sales Income	173	0.0	94641	25.68	0.0	
ENDTRNS	
TRNS	INVOICE	12/10/2021	Truck: 154mram/	Accounts Receivable	154	0	94643	
SPL	INVOICE	12/10/2021	H2	Sales Income	154	0.0	94643	0.25	0.0	
ENDTRNS	
TRNS	INVOICE	12/10/2021	Truck: 154bram	Accounts Receivable	154	0	94644	
SPL	INVOICE	12/10/2021	H2	Sales Income	154	0.0	94644	0.17	0.0	
ENDTRNS	
TRNS	INVOICE	12/10/2021	Truck: Co H 3	Accounts Receivable	154	0	94645	
SPL	INVOICE	12/10/2021	H-2	Sales Income	154	0.0	94645	0.08	0.0	
ENDTRNS	
TRNS	INVOICE	12/10/2021	Truck: 1001calcom	Accounts Receivable	240	107.62	94647	
SPL	INVOICE	12/10/2021	H1	Sales Income	240	-107.62	94647	2.36	45.6	
ENDTRNS	
TRNS	INVOICE	12/10/2021	Truck: 154gram	Accounts Receivable	154	0	94648	
SPL	INVOICE	12/10/2021	H2	Sales Income	154	0.0	94648	0.1	0.0	
ENDTRNS	
TRNS	INVOICE	12/10/2021	Truck: 154saca/t	Accounts Receivable	154	0	94649	
SPL	INVOICE	12/10/2021	H2	Sales Income	154	0.0	94649	0.45	0.0	
ENDTRNS	
TRNS	INVOICE	12/10/2021	Truck: 154wgmc	Accounts Receivable	154	0	94650	
SPL	INVOICE	12/10/2021	H2	Sales Income	154	0.0	94650	0.3	0.0	
ENDTRNS	
TRNS	INVOICE	12/10/2021	Truck: 154wvan/t	Accounts Receivable	182	57.91	94651	
SPL	INVOICE	12/10/2021	H1	Sales Income	182	-57.91	94651	1.27	45.6	
ENDTRNS	
TRNS	INVOICE	12/10/2021	Truck: 154bc/	Accounts Receivable	182	33.29	94652	
SPL	INVOICE	12/10/2021	DC	Sales Income	182	-33.29	94652	0.73	45.6	
ENDTRNS	
TRNS	INVOICE	12/10/2021	Truck: 154ssier	Accounts Receivable	154	0	94653	
SPL	INVOICE	12/10/2021	H2	Sales Income	154	0.0	94653	0.1	0.0	
ENDTRNS	
TRNS	INVOICE	12/10/2021	Truck: 154wsil	Accounts Receivable	154	0	94654	
SPL	INVOICE	12/10/2021	H2	Sales Income	154	0.0	94654	0.01	0.0	
ENDTRNS	
TRNS	INVOICE	12/10/2021	Truck: 154bf250/t	Accounts Receivable	154	0	94655	
SPL	INVOICE	12/10/2021	I-2	Sales Income	154	0.0	94655	1.26	0.0	
ENDTRNS	
TRNS	INVOICE	12/10/2021	Truck: 1001CAL30	Accounts Receivable	240	122.66	94656	
SPL	INVOICE	12/10/2021	H1	Sales Income	240	-122.66	94656	2.69	45.6	
ENDTRNS	
TRNS	INVOICE	12/10/2021	Truck: 1906	Accounts Receivable	162	0	94657	
SPL	INVOICE	12/10/2021	H-2	Sales Income	162	0.0	94657	9.24	0.0	
ENDTRNS	
TRNS	INVOICE	12/10/2021	Truck: 182davis	Accounts Receivable	182	76.15	94658	
SPL	INVOICE	12/10/2021	DC	Sales Income	182	-76.15	94658	1.67	45.6	
ENDTRNS	
TRNS	INVOICE	12/10/2021	Truck: 154wgmc	Accounts Receivable	154	0	94659	
SPL	INVOICE	12/10/2021	H2	Sales Income	154	0.0	94659	0.1	0.0	
ENDTRNS	
TRNS	INVOICE	12/10/2021	Truck: 154wgmc/	Accounts Receivable	154	0	94660	
SPL	INVOICE	12/10/2021	H2	Sales Income	154	0.0	94660	0.13	0.0	
ENDTRNS	
TRNS	INVOICE	12/10/2021	Truck: 154gf250/t	Accounts Receivable	154	0	94661	
SPL	INVOICE	12/10/2021	H2	Sales Income	154	0.0	94661	0.49	0.0	
ENDTRNS	
TRNS	INVOICE	12/10/2021	Truck: 154wran	Accounts Receivable	154	0	94662	
SPL	INVOICE	12/10/2021	H2	Sales Income	154	0.0	94662	0.38	0.0	
ENDTRNS	
TRNS	INVOICE	12/10/2021	Truck: 1133	Accounts Receivable	173	0	94663	
SPL	INVOICE	12/10/2021	H-3	Sales Income	173	0.0	94663	30.01	0.0	
ENDTRNS	
TRNS	INVOICE	12/11/2021	Truck: 154bram	Accounts Receivable	154	0	94664	
SPL	INVOICE	12/11/2021	I-2	Sales Income	154	0.0	94664	0.13	0.0	
ENDTRNS	
TRNS	INVOICE	12/11/2021	Truck: 154wf150/t	Accounts Receivable	154	0	94665	
SPL	INVOICE	12/11/2021	H2	Sales Income	154	0.0	94665	0.21	0.0	
ENDTRNS	
TRNS	INVOICE	12/11/2021	Truck: 154wz71	Accounts Receivable	154	0	94666	
SPL	INVOICE	12/11/2021	I-2	Sales Income	154	0.0	94666	0.69	0.0	
ENDTRNS	
TRNS	INVOICE	12/11/2021	Truck: 154sf150	Accounts Receivable	154	0	94667	
SPL	INVOICE	12/11/2021	H2	Sales Income	154	0.0	94667	0.03	0.0	
ENDTRNS	
TRNS	INVOICE	12/11/2021	Truck: 154gche/tr	Accounts Receivable	182	43.32	94668	
SPL	INVOICE	12/11/2021	DC	Sales Income	182	-43.32	94668	0.95	45.6	
ENDTRNS	
TRNS	INVOICE	12/11/2021	Truck: 14sf450/t	Accounts Receivable	154	0	94669	
SPL	INVOICE	12/11/2021	H2	Sales Income	154	0.0	94669	0.54	0.0	
ENDTRNS	
TRNS	INVOICE	12/11/2021	Truck: 154wf150/t	Accounts Receivable	154	0	94670	
SPL	INVOICE	12/11/2021	H2	Sales Income	154	0.0	94670	0.14	0.0	
ENDTRNS	
TRNS	INVOICE	12/11/2021	Truck: 154ggmc/tr	Accounts Receivable	154	0	94671	
SPL	INVOICE	12/11/2021	H2	Sales Income	154	0.0	94671	0.27	0.0	
ENDTRNS	
TRNS	INVOICE	12/11/2021	Truck: 154bf150	Accounts Receivable	154	0	94672	
SPL	INVOICE	12/11/2021	H2	Sales Income	154	0.0	94672	0.13	0.0	
ENDTRNS	
TRNS	INVOICE	12/11/2021	Truck: 154bl150f	Accounts Receivable	154	0	94673	
SPL	INVOICE	12/11/2021	H2	Sales Income	154	0.0	94673	0.1	0.0	
ENDTRNS	
TRNS	INVOICE	12/11/2021	Truck: 154bf150/	Accounts Receivable	154	0	94674	
SPL	INVOICE	12/11/2021	H2	Sales Income	154	0.0	94674	0.25	0.0	
ENDTRNS	
TRNS	INVOICE	12/11/2021	Truck: 154bc	Accounts Receivable	154	0	94675	
SPL	INVOICE	12/11/2021	W-2 (White Goods)	Sales Income	154	0.0	94675	0.1	0.0	
ENDTRNS	
TRNS	INVOICE	12/11/2021	Truck: 154bf150	Accounts Receivable	154	0	94676	
SPL	INVOICE	12/11/2021	H2	Sales Income	154	0.0	94676	0.13	0.0	
ENDTRNS	
TRNS	INVOICE	12/11/2021	Truck: 154b150f	Accounts Receivable	154	0	94677	
SPL	INVOICE	12/11/2021	H2	Sales Income	154	0.0	94677	0.03	0.0	
ENDTRNS	
TRNS	INVOICE	12/11/2021	Truck: 154bram	Accounts Receivable	154	0	94678	
SPL	INVOICE	12/11/2021	I-2	Sales Income	154	0.0	94678	0.12	0.0	
ENDTRNS	
TRNS	INVOICE	12/11/2021	Truck: 154wden/	Accounts Receivable	154	0	94679	
SPL	INVOICE	12/11/2021	H2	Sales Income	154	0.0	94679	0.09	0.0	
ENDTRNS	
TRNS	INVOICE	12/11/2021	Truck: 154bram	Accounts Receivable	154	0	94680	
SPL	INVOICE	12/11/2021	I-2	Sales Income	154	0.0	94680	0.51	0.0	
ENDTRNS	
TRNS	INVOICE	12/11/2021	Truck: 154rf250	Accounts Receivable	154	0	94681	
SPL	INVOICE	12/11/2021	H2	Sales Income	154	0.0	94681	0.27	0.0	
ENDTRNS	
TRNS	INVOICE	12/11/2021	Truck: 154wd/t	Accounts Receivable	154	0	94682	
SPL	INVOICE	12/11/2021	H2	Sales Income	154	0.0	94682	1.57	0.0	
ENDTRNS	
TRNS	INVOICE	12/11/2021	Truck: 154wram/	Accounts Receivable	154	0	94683	
SPL	INVOICE	12/11/2021	H2	Sales Income	154	0.0	94683	0.14	0.0	
ENDTRNS	
TRNS	INVOICE	12/11/2021	Truck: 154gutil	Accounts Receivable	154	0	94684	
SPL	INVOICE	12/11/2021	H2	Sales Income	154	0.0	94684	0.05	0.0	
ENDTRNS	
TRNS	INVOICE	12/11/2021	Truck: 154bram	Accounts Receivable	154	0	94685	
SPL	INVOICE	12/11/2021	H2	Sales Income	154	0.0	94685	0.01	0.0	
ENDTRNS	
TRNS	INVOICE	12/11/2021	Truck: 154rf150	Accounts Receivable	154	0	94686	
SPL	INVOICE	12/11/2021	H2	Sales Income	154	0.0	94686	0.22	0.0	
ENDTRNS	
TRNS	INVOICE	12/11/2021	Truck: 154bgmc	Accounts Receivable	154	0	94687	
SPL	INVOICE	12/11/2021	I-2	Sales Income	154	0.0	94687	0.02	0.0	
ENDTRNS	
TRNS	INVOICE	12/11/2021	Truck: 154sccolo	Accounts Receivable	154	0	94688	
SPL	INVOICE	12/11/2021	H2	Sales Income	154	0.0	94688	0.06	0.0	
ENDTRNS	
TRNS	INVOICE	12/11/2021	Truck: 154wt/t	Accounts Receivable	154	0	94689	
SPL	INVOICE	12/11/2021	H2	Sales Income	154	0.0	94689	0.14	0.0	
ENDTRNS	
TRNS	INVOICE	12/11/2021	Truck: 154tgmc/t	Accounts Receivable	154	0	94690	
SPL	INVOICE	12/11/2021	H2	Sales Income	154	0.0	94690	0.09	0.0	
ENDTRNS	
TRNS	INVOICE	12/11/2021	Truck: 154wiiliam	Accounts Receivable	154	0	94691	
SPL	INVOICE	12/11/2021	H2	Sales Income	154	0.0	94691	0.08	0.0	
ENDTRNS	
TRNS	INVOICE	12/11/2021	Truck: 154rtoy	Accounts Receivable	154	0	94692	
SPL	INVOICE	12/11/2021	H2	Sales Income	154	0.0	94692	0.06	0.0	
ENDTRNS	
TRNS	INVOICE	12/11/2021	Truck: 154sram15/	Accounts Receivable	154	0	94693	
SPL	INVOICE	12/11/2021	H2	Sales Income	154	0.0	94693	0.3	0.0	
ENDTRNS	
TRNS	INVOICE	12/11/2021	Truck: 154wtitan	Accounts Receivable	154	0	94694	
SPL	INVOICE	12/11/2021	H2	Sales Income	154	0.0	94694	0.02	0.0	
ENDTRNS	
TRNS	INVOICE	12/11/2021	Truck: 154wd/t	Accounts Receivable	182	38.3	94695	
SPL	INVOICE	12/11/2021	DC	Sales Income	182	-38.3	94695	0.84	45.6	
ENDTRNS	
TRNS	INVOICE	12/11/2021	Truck: 154bf150	Accounts Receivable	154	0	94696	
SPL	INVOICE	12/11/2021	H2	Sales Income	154	0.0	94696	0.05	0.0	
ENDTRNS	
TRNS	INVOICE	12/11/2021	Truck: 154stac	Accounts Receivable	154	0	94697	
SPL	INVOICE	12/11/2021	H2	Sales Income	154	0.0	94697	0.05	0.0	
ENDTRNS	
TRNS	INVOICE	12/11/2021	Truck: 154bram	Accounts Receivable	154	0	94698	
SPL	INVOICE	12/11/2021	H2	Sales Income	154	0.0	94698	0.04	0.0	
ENDTRNS	
TRNS	INVOICE	12/11/2021	Truck: 154rtac	Accounts Receivable	154	0	94699	
SPL	INVOICE	12/11/2021	H2	Sales Income	154	0.0	94699	0.02	0.0	
ENDTRNS	
TRNS	INVOICE	12/11/2021	Truck: 154sram35	Accounts Receivable	154	0	94700	
SPL	INVOICE	12/11/2021	H2	Sales Income	154	0.0	94700	0.22	0.0	
ENDTRNS	
TRNS	INVOICE	12/11/2021	Truck: 154sram150	Accounts Receivable	154	0	94701	
SPL	INVOICE	12/11/2021	H2	Sales Income	154	0.0	94701	0.06	0.0	
ENDTRNS	
TRNS	INVOICE	12/11/2021	Truck: 154n150	Accounts Receivable	154	0	94702	
SPL	INVOICE	12/11/2021	H2	Sales Income	154	0.0	94702	0.04	0.0	
ENDTRNS	
TRNS	INVOICE	12/11/2021	Truck: 154gtud	Accounts Receivable	154	0	94703	
SPL	INVOICE	12/11/2021	H2	Sales Income	154	0.0	94703	0.41	0.0	
ENDTRNS	
TRNS	INVOICE	12/11/2021	Truck: 154bf350	Accounts Receivable	154	0	94704	
SPL	INVOICE	12/11/2021	H2	Sales Income	154	0.0	94704	0.01	0.0	
ENDTRNS	
TRNS	INVOICE	12/11/2021	Truck: 154btaho/t	Accounts Receivable	154	0	94705	
SPL	INVOICE	12/11/2021	H2	Sales Income	154	0.0	94705	0.13	0.0	
ENDTRNS	
TRNS	INVOICE	12/11/2021	Truck: 154rcutil/	Accounts Receivable	154	0	94706	
SPL	INVOICE	12/11/2021	H2	Sales Income	154	0.0	94706	0.2	0.0	
ENDTRNS	
TRNS	INVOICE	12/11/2021	Truck: 154rtac/	Accounts Receivable	154	0	94708	
SPL	INVOICE	12/11/2021	H2	Sales Income	154	0.0	94708	0.29	0.0	
ENDTRNS	
TRNS	INVOICE	12/11/2021	Truck: 154wf350/t	Accounts Receivable	154	61.56	94709	
SPL	INVOICE	12/11/2021	H2	Sales Income	154	-61.56	94709	1.35	45.6	
ENDTRNS	
TRNS	INVOICE	12/11/2021	Truck: 154bram	Accounts Receivable	154	0	94710	
SPL	INVOICE	12/11/2021	H2	Sales Income	154	0.0	94710	0.08	0.0	
ENDTRNS	
TRNS	INVOICE	12/11/2021	Truck: 154suv	Accounts Receivable	154	0	94711	
SPL	INVOICE	12/11/2021	H2	Sales Income	154	0.0	94711	0.06	0.0	
ENDTRNS	
TRNS	INVOICE	12/11/2021	Truck: 154wf150	Accounts Receivable	154	0	94712	
SPL	INVOICE	12/11/2021	H2	Sales Income	154	0.0	94712	0.09	0.0	
ENDTRNS	
TRNS	INVOICE	12/11/2021	Truck: 154ssuv	Accounts Receivable	154	0	94713	
SPL	INVOICE	12/11/2021	H2	Sales Income	154	0.0	94713	0.11	0.0	
ENDTRNS	
TRNS	INVOICE	12/11/2021	Truck: 154bgmc/	Accounts Receivable	154	0	94714	
SPL	INVOICE	12/11/2021	H2	Sales Income	154	0.0	94714	0.33	0.0	
ENDTRNS	
TRNS	INVOICE	12/11/2021	Truck: 154wgmc/t	Accounts Receivable	154	0	94715	
SPL	INVOICE	12/11/2021	H2	Sales Income	154	0.0	94715	0.12	0.0	
ENDTRNS	
TRNS	INVOICE	12/11/2021	Truck: 154ssil	Accounts Receivable	154	0	94716	
SPL	INVOICE	12/11/2021	H2	Sales Income	154	0.0	94716	0.06	0.0	
ENDTRNS	
TRNS	INVOICE	12/11/2021	Truck: 154gf150	Accounts Receivable	154	0	94717	
SPL	INVOICE	12/11/2021	H2	Sales Income	154	0.0	94717	0.14	0.0	
ENDTRNS	
TRNS	INVOICE	12/11/2021	Truck: 154sccolo	Accounts Receivable	154	0	94718	
SPL	INVOICE	12/11/2021	H2	Sales Income	154	0.0	94718	0.01	0.0	
ENDTRNS	
TRNS	INVOICE	12/11/2021	Truck: 154scsil	Accounts Receivable	154	0	94719	
SPL	INVOICE	12/11/2021	H2	Sales Income	154	0.0	94719	0.13	0.0	
ENDTRNS	
TRNS	INVOICE	12/11/2021	Truck: 154wf150/t	Accounts Receivable	182	49.14	94720	
SPL	INVOICE	12/11/2021	I-1	Sales Income	182	-49.14	94720	2.73	18.0	
ENDTRNS	
TRNS	INVOICE	12/11/2021	Truck: 154stac	Accounts Receivable	154	0	94721	
SPL	INVOICE	12/11/2021	H2	Sales Income	154	0.0	94721	0.04	0.0	
ENDTRNS	
TRNS	INVOICE	12/11/2021	Truck: 154red	Accounts Receivable	154	0	94722	
SPL	INVOICE	12/11/2021	H2	Sales Income	154	0.0	94722	0.16	0.0	
ENDTRNS	
TRNS	INVOICE	12/11/2021	Truck: 154wsuv	Accounts Receivable	154	0	94723	
SPL	INVOICE	12/11/2021	H2	Sales Income	154	0.0	94723	0.06	0.0	
ENDTRNS	
TRNS	INVOICE	12/11/2021	Truck: 154bf150	Accounts Receivable	154	0	94724	
SPL	INVOICE	12/11/2021	H2	Sales Income	154	0.0	94724	0.12	0.0	
ENDTRNS	
TRNS	INVOICE	12/11/2021	Truck: 154bfran	Accounts Receivable	154	0	94725	
SPL	INVOICE	12/11/2021	H2	Sales Income	154	0.0	94725	0.06	0.0	
ENDTRNS	
TRNS	INVOICE	12/11/2021	Truck: 154wf250/	Accounts Receivable	154	0	94726	
SPL	INVOICE	12/11/2021	I-2	Sales Income	154	0.0	94726	1.14	0.0	
ENDTRNS	
TRNS	INVOICE	12/11/2021	Truck: 154gd/t	Accounts Receivable	154	0	94727	
SPL	INVOICE	12/11/2021	H2	Sales Income	154	0.0	94727	0.61	0.0	
ENDTRNS	
TRNS	INVOICE	12/11/2021	Truck: 154stac/	Accounts Receivable	154	0	94728	
SPL	INVOICE	12/11/2021	H2	Sales Income	154	0.0	94728	0.29	0.0	
ENDTRNS	
TRNS	INVOICE	12/11/2021	Truck: 154gcsilve	Accounts Receivable	154	0	94729	
SPL	INVOICE	12/11/2021	H2	Sales Income	154	0.0	94729	0.26	0.0	
ENDTRNS	
TRNS	INVOICE	12/11/2021	Truck: 154gtun/t	Accounts Receivable	154	0	94731	
SPL	INVOICE	12/11/2021	H2	Sales Income	154	0.0	94731	0.85	0.0	
ENDTRNS	
TRNS	INVOICE	12/13/2021	Truck: 1307	Accounts Receivable	240	251.71	94732	
SPL	INVOICE	12/13/2021	H1	Sales Income	240	-251.71	94732	5.52	45.6	
ENDTRNS	
TRNS	INVOICE	12/13/2021	Truck: 154wfd	Accounts Receivable	154	0	94733	
SPL	INVOICE	12/13/2021	I-2	Sales Income	154	0.0	94733	2.66	0.0	
ENDTRNS	
TRNS	INVOICE	12/13/2021	Truck: 154gryfd	Accounts Receivable	154	0	94734	
SPL	INVOICE	12/13/2021	H2	Sales Income	154	0.0	94734	0.13	0.0	
ENDTRNS	
TRNS	INVOICE	12/13/2021	Truck: 1921-O	Accounts Receivable	162	0	94735	
SPL	INVOICE	12/13/2021	H-2	Sales Income	162	0.0	94735	1.89	0.0	
ENDTRNS	
TRNS	INVOICE	12/13/2021	Truck: 154wfd	Accounts Receivable	154	0	94736	
SPL	INVOICE	12/13/2021	H2	Sales Income	154	0.0	94736	0.05	0.0	
ENDTRNS	
TRNS	INVOICE	12/13/2021	Truck: 154w2500	Accounts Receivable	154	0	94737	
SPL	INVOICE	12/13/2021	H2	Sales Income	154	0.0	94737	0.4	0.0	
ENDTRNS	
TRNS	INVOICE	12/13/2021	Truck: 154outdoor	Accounts Receivable	154	0	94738	
SPL	INVOICE	12/13/2021	H2	Sales Income	154	0.0	94738	0.74	0.0	
ENDTRNS	
TRNS	INVOICE	12/13/2021	Truck: 1921-C	Accounts Receivable	162	0	94739	
SPL	INVOICE	12/13/2021	H-2	Sales Income	162	0.0	94739	11.49	0.0	
ENDTRNS	
TRNS	INVOICE	12/13/2021	Truck: 1925	Accounts Receivable	162	0	94740	
SPL	INVOICE	12/13/2021	H-2	Sales Income	162	0.0	94740	5.08	0.0	
ENDTRNS	
TRNS	INVOICE	12/13/2021	Truck: 182davis	Accounts Receivable	182	39.67	94741	
SPL	INVOICE	12/13/2021	DC	Sales Income	182	-39.67	94741	0.87	45.6	
ENDTRNS	
TRNS	INVOICE	12/13/2021	Truck: 182junkman	Accounts Receivable	182	12.31	94742	
SPL	INVOICE	12/13/2021	DC	Sales Income	182	-12.31	94742	0.27	45.59	
ENDTRNS	
TRNS	INVOICE	12/13/2021	Truck: 154bram	Accounts Receivable	154	0	94743	
SPL	INVOICE	12/13/2021	H2	Sales Income	154	0.0	94743	0.04	0.0	
ENDTRNS	
TRNS	INVOICE	12/13/2021	Truck: 1921-O	Accounts Receivable	162	0	94744	
SPL	INVOICE	12/13/2021	H-2	Sales Income	162	0.0	94744	1.65	0.0	
ENDTRNS	
TRNS	INVOICE	12/13/2021	Truck: 154outdoor	Accounts Receivable	154	0	94745	
SPL	INVOICE	12/13/2021	H2	Sales Income	154	0.0	94745	0.55	0.0	
ENDTRNS	
TRNS	INVOICE	12/13/2021	Truck: 182wram	Accounts Receivable	182	14.14	94746	
SPL	INVOICE	12/13/2021	DC	Sales Income	182	-14.14	94746	0.31	45.61	
ENDTRNS	
TRNS	INVOICE	12/13/2021	Truck: 154w2500	Accounts Receivable	154	0	94747	
SPL	INVOICE	12/13/2021	I-2	Sales Income	154	0.0	94747	0.84	0.0	
ENDTRNS	
TRNS	INVOICE	12/13/2021	Truck: 154bsuv	Accounts Receivable	154	0	94748	
SPL	INVOICE	12/13/2021	H2	Sales Income	154	0.0	94748	0.26	0.0	
ENDTRNS	
TRNS	INVOICE	12/13/2021	Truck: 182whsil	Accounts Receivable	182	23.71	94749	
SPL	INVOICE	12/13/2021	DC	Sales Income	182	-23.71	94749	0.52	45.6	
ENDTRNS	
TRNS	INVOICE	12/13/2021	Truck: 154duey	Accounts Receivable	154	0	94750	
SPL	INVOICE	12/13/2021	H2	Sales Income	154	0.0	94750	0.24	0.0	
ENDTRNS	
TRNS	INVOICE	12/13/2021	Truck: 154byukon	Accounts Receivable	154	0	94751	
SPL	INVOICE	12/13/2021	H2	Sales Income	154	0.0	94751	0.21	0.0	
ENDTRNS	
TRNS	INVOICE	12/13/2021	Truck: 154wsuv	Accounts Receivable	154	0	94752	
SPL	INVOICE	12/13/2021	H2	Sales Income	154	0.0	94752	0.05	0.0	
ENDTRNS	
TRNS	INVOICE	12/13/2021	Truck: 154rddod	Accounts Receivable	154	0	94753	
SPL	INVOICE	12/13/2021	H2	Sales Income	154	0.0	94753	0.1	0.0	
ENDTRNS	
TRNS	INVOICE	12/13/2021	Truck: 154gmaz	Accounts Receivable	154	0	94754	
SPL	INVOICE	12/13/2021	I-2	Sales Income	154	0.0	94754	0.11	0.0	
ENDTRNS	
TRNS	INVOICE	12/13/2021	Truck: 154wf150	Accounts Receivable	154	0	94755	
SPL	INVOICE	12/13/2021	H2	Sales Income	154	0.0	94755	0.12	0.0	
ENDTRNS	
TRNS	INVOICE	12/13/2021	Truck: 182bkk250	Accounts Receivable	120	32.83	94756	
SPL	INVOICE	12/13/2021	DC	Sales Income	120	-32.83	94756	0.72	45.6	
ENDTRNS	
TRNS	INVOICE	12/13/2021	Truck: 1921-O	Accounts Receivable	162	0	94757	
SPL	INVOICE	12/13/2021	H-2	Sales Income	162	0.0	94757	3.05	0.0	
ENDTRNS	
TRNS	INVOICE	12/13/2021	Truck: 154rdfd	Accounts Receivable	154	0	94758	
SPL	INVOICE	12/13/2021	H2	Sales Income	154	0.0	94758	0.08	0.0	
ENDTRNS	
TRNS	INVOICE	12/13/2021	Truck: 154bsuv	Accounts Receivable	154	0	94759	
SPL	INVOICE	12/13/2021	H2	Sales Income	154	0.0	94759	0.05	0.0	
ENDTRNS	
TRNS	INVOICE	12/13/2021	Truck: 154butch	Accounts Receivable	154	0	94760	
SPL	INVOICE	12/13/2021	H2	Sales Income	154	0.0	94760	0.25	0.0	
ENDTRNS	
TRNS	INVOICE	12/13/2021	Truck: 154wgmc	Accounts Receivable	154	0	94761	
SPL	INVOICE	12/13/2021	H2	Sales Income	154	0.0	94761	0.17	0.0	
ENDTRNS	
TRNS	INVOICE	12/13/2021	Truck: 154duel	Accounts Receivable	154	0	94762	
SPL	INVOICE	12/13/2021	H2	Sales Income	154	0.0	94762	0.07	0.0	
ENDTRNS	
TRNS	INVOICE	12/13/2021	Truck: CoH2	Accounts Receivable	154	0	94763	
SPL	INVOICE	12/13/2021	I-2	Sales Income	154	0.0	94763	0.25	0.0	
ENDTRNS	
TRNS	INVOICE	12/13/2021	Truck: 1921-C	Accounts Receivable	162	0	94764	
SPL	INVOICE	12/13/2021	H-2	Sales Income	162	0.0	94764	6.37	0.0	
ENDTRNS	
TRNS	INVOICE	12/13/2021	Truck: 154sfd	Accounts Receivable	154	0	94765	
SPL	INVOICE	12/13/2021	H2	Sales Income	154	0.0	94765	0.19	0.0	
ENDTRNS	
TRNS	INVOICE	12/13/2021	Truck: 1923	Accounts Receivable	162	0	94766	
SPL	INVOICE	12/13/2021	H-2	Sales Income	162	0.0	94766	10.07	0.0	
ENDTRNS	
TRNS	INVOICE	12/13/2021	Truck: 1 2 3	Accounts Receivable	154	0	94767	
SPL	INVOICE	12/13/2021	H-2	Sales Income	154	0.0	94767	2.06	0.0	
ENDTRNS	
TRNS	INVOICE	12/13/2021	Truck: 1925	Accounts Receivable	162	0	94768	
SPL	INVOICE	12/13/2021	H-2	Sales Income	162	0.0	94768	4.93	0.0	
ENDTRNS	
TRNS	INVOICE	12/13/2021	Truck: 154bfd	Accounts Receivable	154	0	94769	
SPL	INVOICE	12/13/2021	H2	Sales Income	154	0.0	94769	0.11	0.0	
ENDTRNS	
TRNS	INVOICE	12/13/2021	Truck: 1905	Accounts Receivable	162	0	94770	
SPL	INVOICE	12/13/2021	H-2	Sales Income	162	0.0	94770	9.41	0.0	
ENDTRNS	
TRNS	INVOICE	12/13/2021	Truck: 154burram	Accounts Receivable	154	0	94771	
SPL	INVOICE	12/13/2021	H2	Sales Income	154	0.0	94771	0.15	0.0	
ENDTRNS	
TRNS	INVOICE	12/13/2021	Truck: 154rdtun	Accounts Receivable	154	0	94772	
SPL	INVOICE	12/13/2021	H2	Sales Income	154	0.0	94772	0.61	0.0	
ENDTRNS	
TRNS	INVOICE	12/13/2021	Truck: 154gtac	Accounts Receivable	154	0	94773	
SPL	INVOICE	12/13/2021	H2	Sales Income	154	0.0	94773	0.65	0.0	
ENDTRNS	
TRNS	INVOICE	12/13/2021	Truck: 154silram	Accounts Receivable	154	0	94774	
SPL	INVOICE	12/13/2021	H2	Sales Income	154	0.0	94774	0.05	0.0	
ENDTRNS	
TRNS	INVOICE	12/13/2021	Truck: 154wvan	Accounts Receivable	154	0	94775	
SPL	INVOICE	12/13/2021	H2	Sales Income	154	0.0	94775	0.18	0.0	
ENDTRNS	
TRNS	INVOICE	12/13/2021	Truck: 1906	Accounts Receivable	162	0	94776	
SPL	INVOICE	12/13/2021	H-2	Sales Income	162	0.0	94776	9.82	0.0	
ENDTRNS	
TRNS	INVOICE	12/13/2021	Truck: 154jep	Accounts Receivable	154	0	94777	
SPL	INVOICE	12/13/2021	H2	Sales Income	154	0.0	94777	0.17	0.0	
ENDTRNS	
TRNS	INVOICE	12/13/2021	Truck: 154gduel	Accounts Receivable	154	51.53	94778	
SPL	INVOICE	12/13/2021	H2	Sales Income	154	-51.53	94778	1.13	45.6	
ENDTRNS	
TRNS	INVOICE	12/13/2021	Truck: 1907	Accounts Receivable	162	0	94779	
SPL	INVOICE	12/13/2021	H-2	Sales Income	162	0.0	94779	6.49	0.0	
ENDTRNS	
TRNS	INVOICE	12/13/2021	Truck: 154yram	Accounts Receivable	154	0	94780	
SPL	INVOICE	12/13/2021	H2	Sales Income	154	0.0	94780	0.07	0.0	
ENDTRNS	
TRNS	INVOICE	12/13/2021	Truck: 154burchev	Accounts Receivable	154	0	94781	
SPL	INVOICE	12/13/2021	H2	Sales Income	154	0.0	94781	0.12	0.0	
ENDTRNS	
TRNS	INVOICE	12/13/2021	Truck: 182renes	Accounts Receivable	194	46.06	94782	
SPL	INVOICE	12/13/2021	H1	Sales Income	194	-46.06	94782	1.01	45.6	
ENDTRNS	
TRNS	INVOICE	12/13/2021	Truck: 154gryfd	Accounts Receivable	154	0	94783	
SPL	INVOICE	12/13/2021	H2	Sales Income	154	0.0	94783	0.08	0.0	
ENDTRNS	
TRNS	INVOICE	12/13/2021	Truck: 154rdtac	Accounts Receivable	154	0	94784	
SPL	INVOICE	12/13/2021	H2	Sales Income	154	0.0	94784	0.06	0.0	
ENDTRNS	
TRNS	INVOICE	12/13/2021	Truck: 154silchev	Accounts Receivable	154	0	94785	
SPL	INVOICE	12/13/2021	H2	Sales Income	154	0.0	94785	0.22	0.0	
ENDTRNS	
TRNS	INVOICE	12/13/2021	Truck: CoH2	Accounts Receivable	154	0	94786	
SPL	INVOICE	12/13/2021	I-2	Sales Income	154	0.0	94786	0.32	0.0	
ENDTRNS	
TRNS	INVOICE	12/13/2021	Truck: 182woodber	Accounts Receivable	182	13.68	94787	
SPL	INVOICE	12/13/2021	DC	Sales Income	182	-13.68	94787	0.3	45.6	
ENDTRNS	
TRNS	INVOICE	12/13/2021	Truck: 154bsier	Accounts Receivable	154	0	94788	
SPL	INVOICE	12/13/2021	H2	Sales Income	154	0.0	94788	0.14	0.0	
ENDTRNS	
TRNS	INVOICE	12/13/2021	Truck: 154rdfd	Accounts Receivable	154	0	94789	
SPL	INVOICE	12/13/2021	H2	Sales Income	154	0.0	94789	0.12	0.0	
ENDTRNS	
TRNS	INVOICE	12/13/2021	Truck: 238	Accounts Receivable	238	72.5	94790	
SPL	INVOICE	12/13/2021	DC	Sales Income	238	-72.5	94790	1.59	45.6	
ENDTRNS	
TRNS	INVOICE	12/13/2021	Truck: 154gtoy	Accounts Receivable	154	0	94791	
SPL	INVOICE	12/13/2021	H2	Sales Income	154	0.0	94791	0.03	0.0	
ENDTRNS	
TRNS	INVOICE	12/13/2021	Truck: 154bking	Accounts Receivable	154	0	94792	
SPL	INVOICE	12/13/2021	I-2	Sales Income	154	0.0	94792	0.17	0.0	
ENDTRNS	
TRNS	INVOICE	12/13/2021	Truck: 154gsuv	Accounts Receivable	154	0	94793	
SPL	INVOICE	12/13/2021	H2	Sales Income	154	0.0	94793	0.39	0.0	
ENDTRNS	
TRNS	INVOICE	12/13/2021	Truck: 154sfd	Accounts Receivable	154	0	94794	
SPL	INVOICE	12/13/2021	H2	Sales Income	154	0.0	94794	0.15	0.0	
ENDTRNS	
TRNS	INVOICE	12/13/2021	Truck: 154gtoy	Accounts Receivable	154	0	94795	
SPL	INVOICE	12/13/2021	H2	Sales Income	154	0.0	94795	0.1	0.0	
ENDTRNS	
TRNS	INVOICE	12/13/2021	Truck: 154toy	Accounts Receivable	154	0	94796	
SPL	INVOICE	12/13/2021	H2	Sales Income	154	0.0	94796	0.04	0.0	
ENDTRNS	
TRNS	INVOICE	12/13/2021	Truck: 154grayfr	Accounts Receivable	154	0	94797	
SPL	INVOICE	12/13/2021	H2	Sales Income	154	0.0	94797	0.03	0.0	
ENDTRNS	
TRNS	INVOICE	12/13/2021	Truck: 182dump it	Accounts Receivable	182	58.82	94798	
SPL	INVOICE	12/13/2021	H1	Sales Income	182	-58.82	94798	1.29	45.6	
ENDTRNS	
TRNS	INVOICE	12/13/2021	Truck: 154blkvan	Accounts Receivable	154	0	94799	
SPL	INVOICE	12/13/2021	H2	Sales Income	154	0.0	94799	0.26	0.0	
ENDTRNS	
TRNS	INVOICE	12/14/2021	Truck: 1001JCGCOM	Accounts Receivable	240	123.12	94800	
SPL	INVOICE	12/14/2021	H1	Sales Income	240	-123.12	94800	2.7	45.6	
ENDTRNS	
TRNS	INVOICE	12/14/2021	Truck: 154mfcus/	Accounts Receivable	182	29.64	94801	
SPL	INVOICE	12/14/2021	DC	Sales Income	182	-29.64	94801	0.65	45.6	
ENDTRNS	
TRNS	INVOICE	12/14/2021	Truck: 154f150	Accounts Receivable	154	0	94802	
SPL	INVOICE	12/14/2021	I-2	Sales Income	154	0.0	94802	0.15	0.0	
ENDTRNS	
TRNS	INVOICE	12/14/2021	Truck: 154bz71	Accounts Receivable	154	0	94803	
SPL	INVOICE	12/14/2021	H2	Sales Income	154	0.0	94803	0.16	0.0	
ENDTRNS	
TRNS	INVOICE	12/14/2021	Truck: 154stac	Accounts Receivable	154	0	94804	
SPL	INVOICE	12/14/2021	I-2	Sales Income	154	0.0	94804	0.07	0.0	
ENDTRNS	
TRNS	INVOICE	12/14/2021	Truck: 154sf250	Accounts Receivable	154	0	94805	
SPL	INVOICE	12/14/2021	H2	Sales Income	154	0.0	94805	0.04	0.0	
ENDTRNS	
TRNS	INVOICE	12/14/2021	Truck: 182davis	Accounts Receivable	182	24.17	94806	
SPL	INVOICE	12/14/2021	H1	Sales Income	182	-24.17	94806	0.53	45.6	
ENDTRNS	
TRNS	INVOICE	12/14/2021	Truck: 1133	Accounts Receivable	173	0	94807	
SPL	INVOICE	12/14/2021	H-3	Sales Income	173	0.0	94807	22.99	0.0	
ENDTRNS	
TRNS	INVOICE	12/14/2021	Truck: 154wuti/t	Accounts Receivable	154	0	94808	
SPL	INVOICE	12/14/2021	I-2	Sales Income	154	0.0	94808	0.26	0.0	
ENDTRNS	
TRNS	INVOICE	12/14/2021	Truck: 154bnis	Accounts Receivable	154	0	94809	
SPL	INVOICE	12/14/2021	H2	Sales Income	154	0.0	94809	0.01	0.0	
ENDTRNS	
TRNS	INVOICE	12/14/2021	Truck: Fac. Maint	Accounts Receivable	161	0	94810	
SPL	INVOICE	12/14/2021	H2	Sales Income	161	0.0	94810	0.06	0.0	
ENDTRNS	
TRNS	INVOICE	12/14/2021	Truck: ABC	Accounts Receivable	243	0	94811	
SPL	INVOICE	12/14/2021	H-4	Sales Income	243	0.0	94811	5.39	0.0	
ENDTRNS	
TRNS	INVOICE	12/14/2021	Truck: 154bs10	Accounts Receivable	154	0	94812	
SPL	INVOICE	12/14/2021	H2	Sales Income	154	0.0	94812	0.1	0.0	
ENDTRNS	
TRNS	INVOICE	12/14/2021	Truck: 1001calcom	Accounts Receivable	240	388.97	94813	
SPL	INVOICE	12/14/2021	H1	Sales Income	240	-388.97	94813	8.53	45.6	
ENDTRNS	
TRNS	INVOICE	12/14/2021	Truck: 154rram/t	Accounts Receivable	122	18.7	94814	
SPL	INVOICE	12/14/2021	H1	Sales Income	122	-18.7	94814	0.41	45.61	
ENDTRNS	
TRNS	INVOICE	12/14/2021	Truck: 182bintere	Accounts Receivable	182	55.18	94815	
SPL	INVOICE	12/14/2021	H1	Sales Income	182	-55.18	94815	1.21	45.6	
ENDTRNS	
TRNS	INVOICE	12/14/2021	Truck: 154bf150	Accounts Receivable	154	0	94816	
SPL	INVOICE	12/14/2021	H2	Sales Income	154	0.0	94816	0.18	0.0	
ENDTRNS	
TRNS	INVOICE	12/14/2021	Truck: 154f150	Accounts Receivable	154	0	94817	
SPL	INVOICE	12/14/2021	H2	Sales Income	154	0.0	94817	0.08	0.0	
ENDTRNS	
TRNS	INVOICE	12/14/2021	Truck: 154bram	Accounts Receivable	154	0	94818	
SPL	INVOICE	12/14/2021	H2	Sales Income	154	0.0	94818	0.01	0.0	
ENDTRNS	
TRNS	INVOICE	12/14/2021	Truck: 154wcsil/t	Accounts Receivable	154	0	94819	
SPL	INVOICE	12/14/2021	I-2	Sales Income	154	0.0	94819	0.31	0.0	
ENDTRNS	
TRNS	INVOICE	12/14/2021	Truck: 154bc1500	Accounts Receivable	154	0	94820	
SPL	INVOICE	12/14/2021	H2	Sales Income	154	0.0	94820	0.11	0.0	
ENDTRNS	
TRNS	INVOICE	12/14/2021	Truck: 154bf350/t	Accounts Receivable	154	0	94821	
SPL	INVOICE	12/14/2021	H2	Sales Income	154	0.0	94821	0.59	0.0	
ENDTRNS	
TRNS	INVOICE	12/14/2021	Truck: 154wgmc	Accounts Receivable	154	0	94822	
SPL	INVOICE	12/14/2021	H2	Sales Income	154	0.0	94822	0.02	0.0	
ENDTRNS	
TRNS	INVOICE	12/14/2021	Truck: 154bram/t	Accounts Receivable	182	73.42	94823	
SPL	INVOICE	12/14/2021	DC	Sales Income	182	-73.42	94823	1.61	45.6	
ENDTRNS	
TRNS	INVOICE	12/14/2021	Truck: 154rf250/t	Accounts Receivable	154	0	94824	
SPL	INVOICE	12/14/2021	I-2	Sales Income	154	0.0	94824	1.67	0.0	
ENDTRNS	
TRNS	INVOICE	12/14/2021	Truck: 154statep\	Accounts Receivable	154	0	94826	
SPL	INVOICE	12/14/2021	H2	Sales Income	154	0.0	94826	0.15	0.0	
ENDTRNS	
TRNS	INVOICE	12/14/2021	Truck: 154wgmc/tr	Accounts Receivable	182	58.32	94827	
SPL	INVOICE	12/14/2021	I-1	Sales Income	182	-58.32	94827	3.24	18.0	
ENDTRNS	
TRNS	INVOICE	12/14/2021	Truck: 154wf150	Accounts Receivable	154	0	94828	
SPL	INVOICE	12/14/2021	I-2	Sales Income	154	0.0	94828	0.14	0.0	
ENDTRNS	
TRNS	INVOICE	12/14/2021	Truck: 154bram/	Accounts Receivable	182	29.18	94829	
SPL	INVOICE	12/14/2021	DC	Sales Income	182	-29.18	94829	0.64	45.59	
ENDTRNS	
TRNS	INVOICE	12/14/2021	Truck: 1001CALREC	Accounts Receivable	240	40.58	94830	
SPL	INVOICE	12/14/2021	H1	Sales Income	240	-40.58	94830	0.89	45.6	
ENDTRNS	
TRNS	INVOICE	12/14/2021	Truck: 1925	Accounts Receivable	162	0	94831	
SPL	INVOICE	12/14/2021	H-2	Sales Income	162	0.0	94831	8.06	0.0	
ENDTRNS	
TRNS	INVOICE	12/14/2021	Truck: 154g71/tr	Accounts Receivable	154	0	94832	
SPL	INVOICE	12/14/2021	H2	Sales Income	154	0.0	94832	0.08	0.0	
ENDTRNS	
TRNS	INVOICE	12/14/2021	Truck: 154wram	Accounts Receivable	154	0	94833	
SPL	INVOICE	12/14/2021	H2	Sales Income	154	0.0	94833	0.13	0.0	
ENDTRNS	
TRNS	INVOICE	12/14/2021	Truck: 154bfran	Accounts Receivable	154	0	94834	
SPL	INVOICE	12/14/2021	H2	Sales Income	154	0.0	94834	0.04	0.0	
ENDTRNS	
TRNS	INVOICE	12/14/2021	Truck: 154bf150/t	Accounts Receivable	154	0	94835	
SPL	INVOICE	12/14/2021	I-2	Sales Income	154	0.0	94835	0.65	0.0	
ENDTRNS	
TRNS	INVOICE	12/14/2021	Truck: 154bcz71	Accounts Receivable	154	0	94836	
SPL	INVOICE	12/14/2021	W-2 (White Goods)	Sales Income	154	0.0	94836	0.08	0.0	
ENDTRNS	
TRNS	INVOICE	12/14/2021	Truck: 154gf150	Accounts Receivable	154	0	94837	
SPL	INVOICE	12/14/2021	H2	Sales Income	154	0.0	94837	0.02	0.0	
ENDTRNS	
TRNS	INVOICE	12/14/2021	Truck: 1001CALREC	Accounts Receivable	240	48.79	94839	
SPL	INVOICE	12/14/2021	H1	Sales Income	240	-48.79	94839	1.07	45.6	
ENDTRNS	
TRNS	INVOICE	12/14/2021	Truck: 154wf150	Accounts Receivable	154	0	94840	
SPL	INVOICE	12/14/2021	H2	Sales Income	154	0.0	94840	0.07	0.0	
ENDTRNS	
TRNS	INVOICE	12/14/2021	Truck: 182wram	Accounts Receivable	182	7.75	94841	
SPL	INVOICE	12/14/2021	DC	Sales Income	182	-7.75	94841	0.17	45.59	
ENDTRNS	
TRNS	INVOICE	12/14/2021	Truck: 1907	Accounts Receivable	162	0	94842	
SPL	INVOICE	12/14/2021	H-2	Sales Income	162	0.0	94842	9.78	0.0	
ENDTRNS	
TRNS	INVOICE	12/14/2021	Truck: 1924	Accounts Receivable	162	0	94843	
SPL	INVOICE	12/14/2021	H-2	Sales Income	162	0.0	94843	7.77	0.0	
ENDTRNS	
TRNS	INVOICE	12/14/2021	Truck: 154wtun/tr	Accounts Receivable	154	0	94844	
SPL	INVOICE	12/14/2021	H2	Sales Income	154	0.0	94844	0.24	0.0	
ENDTRNS	
TRNS	INVOICE	12/14/2021	Truck: 1905	Accounts Receivable	162	0	94845	
SPL	INVOICE	12/14/2021	H-2	Sales Income	162	0.0	94845	8.42	0.0	
ENDTRNS	
TRNS	INVOICE	12/14/2021	Truck: 154bf150	Accounts Receivable	154	0	94846	
SPL	INVOICE	12/14/2021	H2	Sales Income	154	0.0	94846	0.16	0.0	
ENDTRNS	
TRNS	INVOICE	12/14/2021	Truck: 1903	Accounts Receivable	162	0	94847	
SPL	INVOICE	12/14/2021	H-2	Sales Income	162	0.0	94847	10.41	0.0	
ENDTRNS	
TRNS	INVOICE	12/14/2021	Truck: 154wd/t	Accounts Receivable	154	0	94848	
SPL	INVOICE	12/14/2021	H2	Sales Income	154	0.0	94848	1.34	0.0	
ENDTRNS	
TRNS	INVOICE	12/14/2021	Truck: 1133	Accounts Receivable	173	0	94849	
SPL	INVOICE	12/14/2021	H-3	Sales Income	173	0.0	94849	29.62	0.0	
ENDTRNS	
TRNS	INVOICE	12/14/2021	Truck: 154rem	Accounts Receivable	154	0	94850	
SPL	INVOICE	12/14/2021	H2	Sales Income	154	0.0	94850	0.57	0.0	
ENDTRNS	
TRNS	INVOICE	12/14/2021	Truck: 1001CAL30	Accounts Receivable	240	44.69	94851	
SPL	INVOICE	12/14/2021	H1	Sales Income	240	-44.69	94851	0.98	45.6	
ENDTRNS	
TRNS	INVOICE	12/14/2021	Truck: 154gf150	Accounts Receivable	154	0	94852	
SPL	INVOICE	12/14/2021	H2	Sales Income	154	0.0	94852	0.42	0.0	
ENDTRNS	
TRNS	INVOICE	12/14/2021	Truck: 1925	Accounts Receivable	162	0	94853	
SPL	INVOICE	12/14/2021	H-2	Sales Income	162	0.0	94853	2.81	0.0	
ENDTRNS	
TRNS	INVOICE	12/14/2021	Truck: 154bjeep/	Accounts Receivable	182	9.58	94854	
SPL	INVOICE	12/14/2021	DC	Sales Income	182	-9.58	94854	0.86	11.14	
ENDTRNS	
TRNS	INVOICE	12/14/2021	Truck: 154car	Accounts Receivable	154	0	94855	
SPL	INVOICE	12/14/2021	H2	Sales Income	154	0.0	94855	0.01	0.0	
ENDTRNS	
TRNS	INVOICE	12/14/2021	Truck: 1906	Accounts Receivable	162	0	94856	
SPL	INVOICE	12/14/2021	H-2	Sales Income	162	0.0	94856	9.83	0.0	
ENDTRNS	
TRNS	INVOICE	12/14/2021	Truck: 154ssuv/t	Accounts Receivable	182	21.43	94857	
SPL	INVOICE	12/14/2021	DC	Sales Income	182	-21.43	94857	0.47	45.6	
ENDTRNS	
TRNS	INVOICE	12/14/2021	Truck: 154bf150	Accounts Receivable	154	0	94858	
SPL	INVOICE	12/14/2021	H2	Sales Income	154	0.0	94858	0.11	0.0	
ENDTRNS	
TRNS	INVOICE	12/14/2021	Truck: 1001CAL30	Accounts Receivable	240	67.03	94859	
SPL	INVOICE	12/14/2021	H1	Sales Income	240	-67.03	94859	1.47	45.6	
ENDTRNS	
TRNS	INVOICE	12/14/2021	Truck: 154sram	Accounts Receivable	154	0	94860	
SPL	INVOICE	12/14/2021	H2	Sales Income	154	0.0	94860	0.08	0.0	
ENDTRNS	
TRNS	INVOICE	12/14/2021	Truck: 154gf150/t	Accounts Receivable	154	0	94861	
SPL	INVOICE	12/14/2021	H2	Sales Income	154	0.0	94861	1.16	0.0	
ENDTRNS	
TRNS	INVOICE	12/14/2021	Truck: 154wf150	Accounts Receivable	154	0	94862	
SPL	INVOICE	12/14/2021	I-2	Sales Income	154	0.0	94862	0.12	0.0	
ENDTRNS	
TRNS	INVOICE	12/14/2021	Truck: 154wf1502	Accounts Receivable	154	0	94863	
SPL	INVOICE	12/14/2021	H2	Sales Income	154	0.0	94863	0.07	0.0	
ENDTRNS	
TRNS	INVOICE	12/14/2021	Truck: 154wf1503	Accounts Receivable	154	0	94864	
SPL	INVOICE	12/14/2021	H2	Sales Income	154	0.0	94864	0.35	0.0	
ENDTRNS	
TRNS	INVOICE	12/14/2021	Truck: 154bram/t	Accounts Receivable	182	6.38	94865	
SPL	INVOICE	12/14/2021	DC	Sales Income	182	-6.38	94865	0.14	45.57	
ENDTRNS	
TRNS	INVOICE	12/14/2021	Truck: 154rf150	Accounts Receivable	154	0	94866	
SPL	INVOICE	12/14/2021	I-2	Sales Income	154	0.0	94866	0.07	0.0	
ENDTRNS	
TRNS	INVOICE	12/14/2021	Truck: 154wt	Accounts Receivable	154	0	94868	
SPL	INVOICE	12/14/2021	H2	Sales Income	154	0.0	94868	0.08	0.0	
ENDTRNS	
TRNS	INVOICE	12/15/2021	Truck: 2664	Accounts Receivable	173	0	94869	
SPL	INVOICE	12/15/2021	H-3	Sales Income	173	0.0	94869	28.89	0.0	
ENDTRNS	
TRNS	INVOICE	12/15/2021	Truck: 154sram/	Accounts Receivable	154	0	94870	
SPL	INVOICE	12/15/2021	H2	Sales Income	154	0.0	94870	0.05	0.0	
ENDTRNS	
TRNS	INVOICE	12/15/2021	Truck: 154wc1500	Accounts Receivable	154	0	94871	
SPL	INVOICE	12/15/2021	H2	Sales Income	154	0.0	94871	0.6	0.0	
ENDTRNS	
TRNS	INVOICE	12/15/2021	Truck: 154bfext/	Accounts Receivable	182	41.5	94872	
SPL	INVOICE	12/15/2021	DC	Sales Income	182	-41.5	94872	0.91	45.6	
ENDTRNS	
TRNS	INVOICE	12/15/2021	Truck: 1564wf1550	Accounts Receivable	154	0	94873	
SPL	INVOICE	12/15/2021	H2	Sales Income	154	0.0	94873	0.14	0.0	
ENDTRNS	
TRNS	INVOICE	12/15/2021	Truck: 154wram150	Accounts Receivable	154	0	94874	
SPL	INVOICE	12/15/2021	H2	Sales Income	154	0.0	94874	0.07	0.0	
ENDTRNS	
TRNS	INVOICE	12/15/2021	Truck: 1133	Accounts Receivable	173	0	94875	
SPL	INVOICE	12/15/2021	H-3	Sales Income	173	0.0	94875	29.13	0.0	
ENDTRNS	
TRNS	INVOICE	12/15/2021	Truck: 154bsuv/	Accounts Receivable	154	0	94876	
SPL	INVOICE	12/15/2021	H2	Sales Income	154	0.0	94876	0.14	0.0	
ENDTRNS	
TRNS	INVOICE	12/15/2021	Truck: 238	Accounts Receivable	238	15.05	94877	
SPL	INVOICE	12/15/2021	DC	Sales Income	238	-15.05	94877	0.33	45.61	
ENDTRNS	
TRNS	INVOICE	12/15/2021	Truck: 154wram/	Accounts Receivable	182	65.21	94878	
SPL	INVOICE	12/15/2021	DC	Sales Income	182	-65.21	94878	1.43	45.6	
ENDTRNS	
TRNS	INVOICE	12/15/2021	Truck: 154lawnc	Accounts Receivable	182	20.06	94879	
SPL	INVOICE	12/15/2021	DC	Sales Income	182	-20.06	94879	0.44	45.59	
ENDTRNS	
TRNS	INVOICE	12/15/2021	Truck: 154bf250/t	Accounts Receivable	154	0	94880	
SPL	INVOICE	12/15/2021	H2	Sales Income	154	0.0	94880	0	0.0	
ENDTRNS	
TRNS	INVOICE	12/15/2021	Truck: 154stoy/t	Accounts Receivable	154	0	94881	
SPL	INVOICE	12/15/2021	I-2	Sales Income	154	0.0	94881	0.27	0.0	
ENDTRNS	
TRNS	INVOICE	12/15/2021	Truck: 154bf150/t	Accounts Receivable	182	20.98	94882	
SPL	INVOICE	12/15/2021	DC	Sales Income	182	-20.98	94882	0.46	45.61	
ENDTRNS	
TRNS	INVOICE	12/15/2021	Truck: 154gmc/	Accounts Receivable	154	0	94883	
SPL	INVOICE	12/15/2021	H2	Sales Income	154	0.0	94883	0.48	0.0	
ENDTRNS	
TRNS	INVOICE	12/15/2021	Truck: 154sc1500	Accounts Receivable	154	0	94884	
SPL	INVOICE	12/15/2021	H2	Sales Income	154	0.0	94884	0.06	0.0	
ENDTRNS	
TRNS	INVOICE	12/15/2021	Truck: 154wf250	Accounts Receivable	154	3.19	94885	
SPL	INVOICE	12/15/2021	H2	Sales Income	154	-3.19	94885	0.07	45.57	
ENDTRNS	
TRNS	INVOICE	12/15/2021	Truck: 154bf250	Accounts Receivable	154	0	94886	
SPL	INVOICE	12/15/2021	H2	Sales Income	154	0.0	94886	0.31	0.0	
ENDTRNS	
TRNS	INVOICE	12/15/2021	Truck: 154sc2500	Accounts Receivable	154	0	94887	
SPL	INVOICE	12/15/2021	H2	Sales Income	154	0.0	94887	0.38	0.0	
ENDTRNS	
TRNS	INVOICE	12/15/2021	Truck: 1706JCGcom	Accounts Receivable	240	106.7	94888	
SPL	INVOICE	12/15/2021	H1	Sales Income	240	-106.7	94888	2.34	45.6	
ENDTRNS	
TRNS	INVOICE	12/15/2021	Truck: 154gtund	Accounts Receivable	154	0	94889	
SPL	INVOICE	12/15/2021	H2	Sales Income	154	0.0	94889	0.02	0.0	
ENDTRNS	
TRNS	INVOICE	12/15/2021	Truck: 154sf150/u	Accounts Receivable	154	0	94890	
SPL	INVOICE	12/15/2021	H2	Sales Income	154	0.0	94890	0.05	0.0	
ENDTRNS	
TRNS	INVOICE	12/15/2021	Truck: 154rcs10	Accounts Receivable	154	0	94891	
SPL	INVOICE	12/15/2021	H2	Sales Income	154	0.0	94891	0.15	0.0	
ENDTRNS	
TRNS	INVOICE	12/15/2021	Truck: 154wz71	Accounts Receivable	154	0	94892	
SPL	INVOICE	12/15/2021	H2	Sales Income	154	0.0	94892	0.02	0.0	
ENDTRNS	
TRNS	INVOICE	12/15/2021	Truck: 154bf150/t	Accounts Receivable	154	0	94893	
SPL	INVOICE	12/15/2021	I-2	Sales Income	154	0.0	94893	0.36	0.0	
ENDTRNS	
TRNS	INVOICE	12/15/2021	Truck: 2664	Accounts Receivable	173	0	94894	
SPL	INVOICE	12/15/2021	H-3	Sales Income	173	0.0	94894	30.16	0.0	
ENDTRNS	
TRNS	INVOICE	12/15/2021	Truck: 154bf150	Accounts Receivable	154	0	94895	
SPL	INVOICE	12/15/2021	H2	Sales Income	154	0.0	94895	0.1	0.0	
ENDTRNS	
TRNS	INVOICE	12/15/2021	Truck: 154gsuv/tr	Accounts Receivable	154	0	94896	
SPL	INVOICE	12/15/2021	H2	Sales Income	154	0.0	94896	0.17	0.0	
ENDTRNS	
TRNS	INVOICE	12/15/2021	Truck: 1925	Accounts Receivable	162	0	94897	
SPL	INVOICE	12/15/2021	H-2	Sales Income	162	0.0	94897	8.84	0.0	
ENDTRNS	
TRNS	INVOICE	12/15/2021	Truck: 154gc1500	Accounts Receivable	154	0	94898	
SPL	INVOICE	12/15/2021	I-2	Sales Income	154	0.0	94898	0.16	0.0	
ENDTRNS	
TRNS	INVOICE	12/15/2021	Truck: 1133	Accounts Receivable	173	0	94899	
SPL	INVOICE	12/15/2021	H-3	Sales Income	173	0.0	94899	27.73	0.0	
ENDTRNS	
TRNS	INVOICE	12/15/2021	Truck: 154stac/t	Accounts Receivable	154	0	94900	
SPL	INVOICE	12/15/2021	I-2	Sales Income	154	0.0	94900	0.34	0.0	
ENDTRNS	
TRNS	INVOICE	12/15/2021	Truck: 154wsuv	Accounts Receivable	154	0	94901	
SPL	INVOICE	12/15/2021	H2	Sales Income	154	0.0	94901	0.03	0.0	
ENDTRNS	
TRNS	INVOICE	12/15/2021	Truck: 154trh	Accounts Receivable	154	0	94902	
SPL	INVOICE	12/15/2021	H2	Sales Income	154	0.0	94902	0.17	0.0	
ENDTRNS	
TRNS	INVOICE	12/15/2021	Truck: 154wc1500/	Accounts Receivable	154	0	94903	
SPL	INVOICE	12/15/2021	H2	Sales Income	154	0.0	94903	0.31	0.0	
ENDTRNS	
TRNS	INVOICE	12/15/2021	Truck: 1905	Accounts Receivable	162	0	94904	
SPL	INVOICE	12/15/2021	H-2	Sales Income	162	0.0	94904	6.95	0.0	
ENDTRNS	
TRNS	INVOICE	12/15/2021	Truck: 154gf150	Accounts Receivable	154	0	94905	
SPL	INVOICE	12/15/2021	H2	Sales Income	154	0.0	94905	0.29	0.0	
ENDTRNS	
TRNS	INVOICE	12/15/2021	Truck: 154wram/t	Accounts Receivable	182	49.7	94906	
SPL	INVOICE	12/15/2021	DC	Sales Income	182	-49.7	94906	1.09	45.6	
ENDTRNS	
TRNS	INVOICE	12/15/2021	Truck: 154wgmc/t	Accounts Receivable	154	0	94907	
SPL	INVOICE	12/15/2021	I-2	Sales Income	154	0.0	94907	0.51	0.0	
ENDTRNS	
TRNS	INVOICE	12/15/2021	Truck: 1907	Accounts Receivable	162	0	94908	
SPL	INVOICE	12/15/2021	H-2	Sales Income	162	0.0	94908	8.74	0.0	
ENDTRNS	
TRNS	INVOICE	12/15/2021	Truck: 1923	Accounts Receivable	162	0	94909	
SPL	INVOICE	12/15/2021	H-2	Sales Income	162	0.0	94909	9.89	0.0	
ENDTRNS	
TRNS	INVOICE	12/15/2021	Truck: 154wf150	Accounts Receivable	154	0	94910	
SPL	INVOICE	12/15/2021	H2	Sales Income	154	0.0	94910	0.37	0.0	
ENDTRNS	
TRNS	INVOICE	12/15/2021	Truck: 154bcsil	Accounts Receivable	154	0	94911	
SPL	INVOICE	12/15/2021	H2	Sales Income	154	0.0	94911	0.21	0.0	
ENDTRNS	
TRNS	INVOICE	12/15/2021	Truck: 1924	Accounts Receivable	162	0	94912	
SPL	INVOICE	12/15/2021	H-2	Sales Income	162	0.0	94912	6.01	0.0	
ENDTRNS	
TRNS	INVOICE	12/15/2021	Truck: 154wcar/	Accounts Receivable	154	0	94913	
SPL	INVOICE	12/15/2021	H2	Sales Income	154	0.0	94913	0.04	0.0	
ENDTRNS	
TRNS	INVOICE	12/15/2021	Truck: 154f150	Accounts Receivable	154	0	94914	
SPL	INVOICE	12/15/2021	H2	Sales Income	154	0.0	94914	0.13	0.0	
ENDTRNS	
TRNS	INVOICE	12/15/2021	Truck: 1925	Accounts Receivable	162	0	94915	
SPL	INVOICE	12/15/2021	H-2	Sales Income	162	0.0	94915	2.44	0.0	
ENDTRNS	
TRNS	INVOICE	12/15/2021	Truck: 154sram/	Accounts Receivable	154	0	94917	
SPL	INVOICE	12/15/2021	H2	Sales Income	154	0.0	94917	0.54	0.0	
ENDTRNS	
TRNS	INVOICE	12/15/2021	Truck: 154gf250/t	Accounts Receivable	154	0	94918	
SPL	INVOICE	12/15/2021	I-2	Sales Income	154	0.0	94918	2.1	0.0	
ENDTRNS	
TRNS	INVOICE	12/15/2021	Truck: 154wf150	Accounts Receivable	154	0	94919	
SPL	INVOICE	12/15/2021	H2	Sales Income	154	0.0	94919	0.28	0.0	
ENDTRNS	
TRNS	INVOICE	12/15/2021	Truck: 154bram	Accounts Receivable	154	0	94920	
SPL	INVOICE	12/15/2021	H2	Sales Income	154	0.0	94920	0.1	0.0	
ENDTRNS	
TRNS	INVOICE	12/15/2021	Truck: CoH2	Accounts Receivable	154	0	94921	
SPL	INVOICE	12/15/2021	I-2	Sales Income	154	0.0	94921	0.25	0.0	
ENDTRNS	
TRNS	INVOICE	12/15/2021	Truck: 154sf150	Accounts Receivable	154	0	94922	
SPL	INVOICE	12/15/2021	I-2	Sales Income	154	0.0	94922	0.11	0.0	
ENDTRNS	
TRNS	INVOICE	12/15/2021	Truck: 1906	Accounts Receivable	162	0	94923	
SPL	INVOICE	12/15/2021	H-2	Sales Income	162	0.0	94923	9.34	0.0	
ENDTRNS	
TRNS	INVOICE	12/15/2021	Truck: 154wram/t	Accounts Receivable	182	14.14	94924	
SPL	INVOICE	12/15/2021	DC	Sales Income	182	-14.14	94924	0.31	45.61	
ENDTRNS	
TRNS	INVOICE	12/15/2021	Truck: 2664	Accounts Receivable	173	0	94925	
SPL	INVOICE	12/15/2021	H-3	Sales Income	173	0.0	94925	28.57	0.0	
ENDTRNS	
TRNS	INVOICE	12/15/2021	Truck: 154bc2500	Accounts Receivable	154	0	94926	
SPL	INVOICE	12/15/2021	H2	Sales Income	154	0.0	94926	0.1	0.0	
ENDTRNS	
TRNS	INVOICE	12/15/2021	Truck: 1133	Accounts Receivable	173	0	94927	
SPL	INVOICE	12/15/2021	H-3	Sales Income	173	0.0	94927	28.53	0.0	
ENDTRNS	
TRNS	INVOICE	12/15/2021	Truck: 154gss	Accounts Receivable	154	0	94928	
SPL	INVOICE	12/15/2021	H2	Sales Income	154	0.0	94928	0.03	0.0	
ENDTRNS	
TRNS	INVOICE	12/15/2021	Truck: 154wf150/t	Accounts Receivable	154	0	94929	
SPL	INVOICE	12/15/2021	H2	Sales Income	154	0.0	94929	0.3	0.0	
ENDTRNS	
TRNS	INVOICE	12/15/2021	Truck: 154bf150	Accounts Receivable	154	0	94930	
SPL	INVOICE	12/15/2021	H2	Sales Income	154	0.0	94930	0.21	0.0	
ENDTRNS	
TRNS	INVOICE	12/16/2021	Truck: 1001JCGCOM	Accounts Receivable	240	153.67	94931	
SPL	INVOICE	12/16/2021	H1	Sales Income	240	-153.67	94931	3.37	45.6	
ENDTRNS	
TRNS	INVOICE	12/16/2021	Truck: CoH2	Accounts Receivable	154	0	94932	
SPL	INVOICE	12/16/2021	I-2	Sales Income	154	0.0	94932	0.77	0.0	
ENDTRNS	
TRNS	INVOICE	12/16/2021	Truck: 154gf150	Accounts Receivable	154	0	94933	
SPL	INVOICE	12/16/2021	H2	Sales Income	154	0.0	94933	0.01	0.0	
ENDTRNS	
TRNS	INVOICE	12/16/2021	Truck: 154wfhrs	Accounts Receivable	182	21.43	94934	
SPL	INVOICE	12/16/2021	DC	Sales Income	182	-21.43	94934	0.47	45.6	
ENDTRNS	
TRNS	INVOICE	12/16/2021	Truck: 154tf150	Accounts Receivable	154	0	94935	
SPL	INVOICE	12/16/2021	H2	Sales Income	154	0.0	94935	0.11	0.0	
ENDTRNS	
TRNS	INVOICE	12/16/2021	Truck: 238	Accounts Receivable	238	32.38	94936	
SPL	INVOICE	12/16/2021	DC	Sales Income	238	-32.38	94936	0.71	45.61	
ENDTRNS	
TRNS	INVOICE	12/16/2021	Truck: 154wgmc	Accounts Receivable	154	0	94937	
SPL	INVOICE	12/16/2021	H2	Sales Income	154	0.0	94937	0.13	0.0	
ENDTRNS	
TRNS	INVOICE	12/16/2021	Truck: 1921-C	Accounts Receivable	162	0	94938	
SPL	INVOICE	12/16/2021	H-2	Sales Income	162	0.0	94938	8.02	0.0	
ENDTRNS	
TRNS	INVOICE	12/16/2021	Truck: 154wsil	Accounts Receivable	154	0	94939	
SPL	INVOICE	12/16/2021	H2	Sales Income	154	0.0	94939	0.05	0.0	
ENDTRNS	
TRNS	INVOICE	12/16/2021	Truck: 182whrs	Accounts Receivable	182	24.17	94940	
SPL	INVOICE	12/16/2021	DC	Sales Income	182	-24.17	94940	0.53	45.6	
ENDTRNS	
TRNS	INVOICE	12/16/2021	Truck: 154tsuv/t	Accounts Receivable	182	13.22	94941	
SPL	INVOICE	12/16/2021	DC	Sales Income	182	-13.22	94941	0.29	45.59	
ENDTRNS	
TRNS	INVOICE	12/16/2021	Truck: 154bsuv/t	Accounts Receivable	154	0	94942	
SPL	INVOICE	12/16/2021	H2	Sales Income	154	0.0	94942	0.73	0.0	
ENDTRNS	
TRNS	INVOICE	12/16/2021	Truck: 154wvan	Accounts Receivable	154	0	94943	
SPL	INVOICE	12/16/2021	H2	Sales Income	154	0.0	94943	0.31	0.0	
ENDTRNS	
TRNS	INVOICE	12/16/2021	Truck: 154sf150	Accounts Receivable	154	0	94944	
SPL	INVOICE	12/16/2021	H2	Sales Income	154	0.0	94944	0.04	0.0	
ENDTRNS	
TRNS	INVOICE	12/16/2021	Truck: 154rt/t	Accounts Receivable	154	0	94946	
SPL	INVOICE	12/16/2021	H2	Sales Income	154	0.0	94946	0.48	0.0	
ENDTRNS	
TRNS	INVOICE	12/16/2021	Truck: 182partiot	Accounts Receivable	182	79.34	94947	
SPL	INVOICE	12/16/2021	H1	Sales Income	182	-79.34	94947	1.74	45.6	
ENDTRNS	
TRNS	INVOICE	12/16/2021	Truck: 154rgmc	Accounts Receivable	154	0	94948	
SPL	INVOICE	12/16/2021	H2	Sales Income	154	0.0	94948	0.13	0.0	
ENDTRNS	
TRNS	INVOICE	12/16/2021	Truck: 182hrs	Accounts Receivable	182	28.73	94949	
SPL	INVOICE	12/16/2021	DC	Sales Income	182	-28.73	94949	0.63	45.6	
ENDTRNS	
TRNS	INVOICE	12/16/2021	Truck: 154unitedd	Accounts Receivable	154	0	94950	
SPL	INVOICE	12/16/2021	H2	Sales Income	154	0.0	94950	0.06	0.0	
ENDTRNS	
TRNS	INVOICE	12/16/2021	Truck: 182davis	Accounts Receivable	182	109.44	94951	
SPL	INVOICE	12/16/2021	DC	Sales Income	182	-109.44	94951	2.4	45.6	
ENDTRNS	
TRNS	INVOICE	12/16/2021	Truck: 154msuv	Accounts Receivable	154	0	94952	
SPL	INVOICE	12/16/2021	H2	Sales Income	154	0.0	94952	0.05	0.0	
ENDTRNS	
TRNS	INVOICE	12/16/2021	Truck: 154wf250	Accounts Receivable	154	0	94954	
SPL	INVOICE	12/16/2021	H2	Sales Income	154	0.0	94954	0.05	0.0	
ENDTRNS	
TRNS	INVOICE	12/16/2021	Truck: 1133	Accounts Receivable	173	0	94955	
SPL	INVOICE	12/16/2021	H-3	Sales Income	173	0.0	94955	28.11	0.0	
ENDTRNS	
TRNS	INVOICE	12/16/2021	Truck: 154ws10	Accounts Receivable	154	0	94956	
SPL	INVOICE	12/16/2021	H2	Sales Income	154	0.0	94956	0.03	0.0	
ENDTRNS	
TRNS	INVOICE	12/16/2021	Truck: 154bsuv/t	Accounts Receivable	154	0	94958	
SPL	INVOICE	12/16/2021	H2	Sales Income	154	0.0	94958	0.16	0.0	
ENDTRNS	
TRNS	INVOICE	12/16/2021	Truck: 154rc2500	Accounts Receivable	154	28.73	94959	
SPL	INVOICE	12/16/2021	H1	Sales Income	154	-28.73	94959	0.63	45.6	
ENDTRNS	
TRNS	INVOICE	12/16/2021	Truck: 1921-O	Accounts Receivable	162	0	94960	
SPL	INVOICE	12/16/2021	H-2	Sales Income	162	0.0	94960	2.65	0.0	
ENDTRNS	
TRNS	INVOICE	12/16/2021	Truck: 154tsuv/	Accounts Receivable	154	0	94961	
SPL	INVOICE	12/16/2021	H2	Sales Income	154	0.0	94961	0.01	0.0	
ENDTRNS	
TRNS	INVOICE	12/16/2021	Truck: 154bgmc/t	Accounts Receivable	182	21.43	94964	
SPL	INVOICE	12/16/2021	DC	Sales Income	182	-21.43	94964	0.47	45.6	
ENDTRNS	
TRNS	INVOICE	12/16/2021	Truck: 1 2 3	Accounts Receivable	154	0	94965	
SPL	INVOICE	12/16/2021	H-2	Sales Income	154	0.0	94965	1.51	0.0	
ENDTRNS	
TRNS	INVOICE	12/16/2021	Truck: 154wran	Accounts Receivable	154	0	94967	
SPL	INVOICE	12/16/2021	I-2	Sales Income	154	0.0	94967	0.09	0.0	
ENDTRNS	
TRNS	INVOICE	12/16/2021	Truck: 154bsuv/t	Accounts Receivable	154	0	94968	
SPL	INVOICE	12/16/2021	H2	Sales Income	154	0.0	94968	0.13	0.0	
ENDTRNS	
TRNS	INVOICE	12/16/2021	Truck: Renne's 94	Accounts Receivable	194	19.15	94969	
SPL	INVOICE	12/16/2021	H1	Sales Income	194	-19.15	94969	0.42	45.6	
ENDTRNS	
TRNS	INVOICE	12/16/2021	Truck: 1906	Accounts Receivable	162	0	94970	
SPL	INVOICE	12/16/2021	H-2	Sales Income	162	0.0	94970	6.47	0.0	
ENDTRNS	
TRNS	INVOICE	12/16/2021	Truck: 154rtoy	Accounts Receivable	182	6.38	94971	
SPL	INVOICE	12/16/2021	DC	Sales Income	182	-6.38	94971	0.14	45.57	
ENDTRNS	
TRNS	INVOICE	12/16/2021	Truck: 1921-O	Accounts Receivable	162	0	94972	
SPL	INVOICE	12/16/2021	H-2	Sales Income	162	0.0	94972	2.8	0.0	
ENDTRNS	
TRNS	INVOICE	12/16/2021	Truck: 154wtoy	Accounts Receivable	182	12.77	94973	
SPL	INVOICE	12/16/2021	DC	Sales Income	182	-12.77	94973	0.28	45.61	
ENDTRNS	
TRNS	INVOICE	12/16/2021	Truck: 154gsuv/t	Accounts Receivable	154	0	94974	
SPL	INVOICE	12/16/2021	H2	Sales Income	154	0.0	94974	0.25	0.0	
ENDTRNS	
TRNS	INVOICE	12/16/2021	Truck: 154sf150/t	Accounts Receivable	154	0	94975	
SPL	INVOICE	12/16/2021	H2	Sales Income	154	0.0	94975	0.26	0.0	
ENDTRNS	
TRNS	INVOICE	12/16/2021	Truck: 1905	Accounts Receivable	162	0	94976	
SPL	INVOICE	12/16/2021	H-2	Sales Income	162	0.0	94976	5.73	0.0	
ENDTRNS	
TRNS	INVOICE	12/16/2021	Truck: 154gram	Accounts Receivable	154	0	94977	
SPL	INVOICE	12/16/2021	H2	Sales Income	154	0.0	94977	0.23	0.0	
ENDTRNS	
TRNS	INVOICE	12/16/2021	Truck: 154bc1500/	Accounts Receivable	154	0	94978	
SPL	INVOICE	12/16/2021	H2	Sales Income	154	0.0	94978	0.17	0.0	
ENDTRNS	
TRNS	INVOICE	12/16/2021	Truck: 12st/tr	Accounts Receivable	182	24.17	94979	
SPL	INVOICE	12/16/2021	DC	Sales Income	182	-24.17	94979	0.53	45.6	
ENDTRNS	
TRNS	INVOICE	12/16/2021	Truck: 1925	Accounts Receivable	162	0	94980	
SPL	INVOICE	12/16/2021	H-2	Sales Income	162	0.0	94980	6.52	0.0	
ENDTRNS	
TRNS	INVOICE	12/16/2021	Truck: 154wf250/t	Accounts Receivable	154	0	94981	
SPL	INVOICE	12/16/2021	I-2	Sales Income	154	0.0	94981	0.36	0.0	
ENDTRNS	
TRNS	INVOICE	12/16/2021	Truck: 154sf150	Accounts Receivable	154	0	94982	
SPL	INVOICE	12/16/2021	H2	Sales Income	154	0.0	94982	0.02	0.0	
ENDTRNS	
TRNS	INVOICE	12/16/2021	Truck: 182handy	Accounts Receivable	182	6.38	94983	
SPL	INVOICE	12/16/2021	DC	Sales Income	182	-6.38	94983	0.14	45.57	
ENDTRNS	
TRNS	INVOICE	12/16/2021	Truck: 1907	Accounts Receivable	162	0	94984	
SPL	INVOICE	12/16/2021	H-2	Sales Income	162	0.0	94984	6.47	0.0	
ENDTRNS	
TRNS	INVOICE	12/16/2021	Truck: CoH2	Accounts Receivable	154	0	94985	
SPL	INVOICE	12/16/2021	I-2	Sales Income	154	0.0	94985	0.15	0.0	
ENDTRNS	
TRNS	INVOICE	12/16/2021	Truck: Co H 3	Accounts Receivable	154	0	94986	
SPL	INVOICE	12/16/2021	H-2	Sales Income	154	0.0	94986	0.17	0.0	
ENDTRNS	
TRNS	INVOICE	12/16/2021	Truck: 154bc1500	Accounts Receivable	154	0	94987	
SPL	INVOICE	12/16/2021	H2	Sales Income	154	0.0	94987	0.08	0.0	
ENDTRNS	
TRNS	INVOICE	12/16/2021	Truck: 1923	Accounts Receivable	162	0	94988	
SPL	INVOICE	12/16/2021	H-2	Sales Income	162	0.0	94988	8.32	0.0	
ENDTRNS	
TRNS	INVOICE	12/16/2021	Truck: 154wf150/t	Accounts Receivable	154	0	94989	
SPL	INVOICE	12/16/2021	H2	Sales Income	154	0.0	94989	0.26	0.0	
ENDTRNS	
TRNS	INVOICE	12/16/2021	Truck: 154gram	Accounts Receivable	154	0	94990	
SPL	INVOICE	12/16/2021	H2	Sales Income	154	0.0	94990	0.04	0.0	
ENDTRNS	
TRNS	INVOICE	12/16/2021	Truck: 1133	Accounts Receivable	173	0	94991	
SPL	INVOICE	12/16/2021	H-3	Sales Income	173	0.0	94991	27.64	0.0	
ENDTRNS	
TRNS	INVOICE	12/16/2021	Truck: 1921-O	Accounts Receivable	162	0	94992	
SPL	INVOICE	12/16/2021	H-2	Sales Income	162	0.0	94992	0.85	0.0	
ENDTRNS	
TRNS	INVOICE	12/16/2021	Truck: 154gc2500	Accounts Receivable	154	0	94993	
SPL	INVOICE	12/16/2021	H2	Sales Income	154	0.0	94993	0.13	0.0	
ENDTRNS	
TRNS	INVOICE	12/16/2021	Truck: 154gf250	Accounts Receivable	154	0	94994	
SPL	INVOICE	12/16/2021	H2	Sales Income	154	0.0	94994	0.08	0.0	
ENDTRNS	
TRNS	INVOICE	12/16/2021	Truck: 154rtoy	Accounts Receivable	222	7.75	94995	
SPL	INVOICE	12/16/2021	AP 1 vetscommercial	Sales Income	222	-7.75	94995	0.17	45.59	
ENDTRNS	
TRNS	INVOICE	12/16/2021	Truck: 154bf150/t	Accounts Receivable	154	0	94996	
SPL	INVOICE	12/16/2021	H2	Sales Income	154	0.0	94996	0.37	0.0	
ENDTRNS	
TRNS	INVOICE	12/16/2021	Truck: 154bram/t	Accounts Receivable	182	24.62	94997	
SPL	INVOICE	12/16/2021	DC	Sales Income	182	-24.62	94997	0.54	45.59	
ENDTRNS	
TRNS	INVOICE	12/16/2021	Truck: 154sf150	Accounts Receivable	182	13.68	94998	
SPL	INVOICE	12/16/2021	DC	Sales Income	182	-13.68	94998	0.3	45.6	
ENDTRNS	
TRNS	INVOICE	12/16/2021	Truck: 238	Accounts Receivable	238	34.66	94999	
SPL	INVOICE	12/16/2021	DC	Sales Income	238	-34.66	94999	0.76	45.61	
ENDTRNS	
TRNS	INVOICE	12/16/2021	Truck: 154bgmc	Accounts Receivable	154	0	95000	
SPL	INVOICE	12/16/2021	H2	Sales Income	154	0.0	95000	0.04	0.0	
ENDTRNS	
TRNS	INVOICE	12/16/2021	Truck: 154bcsilv	Accounts Receivable	154	0	95001	
SPL	INVOICE	12/16/2021	H2	Sales Income	154	0.0	95001	0.72	0.0	
ENDTRNS	
TRNS	INVOICE	12/16/2021	Truck: 154ggmc/t	Accounts Receivable	182	21.43	95002	
SPL	INVOICE	12/16/2021	DC	Sales Income	182	-21.43	95002	0.47	45.6	
ENDTRNS	
TRNS	INVOICE	12/16/2021	Truck: 154gnis	Accounts Receivable	154	0	95003	
SPL	INVOICE	12/16/2021	H2	Sales Income	154	0.0	95003	0.03	0.0	
ENDTRNS	
TRNS	INVOICE	12/16/2021	Truck: 154tc1500	Accounts Receivable	154	0	95004	
SPL	INVOICE	12/16/2021	H2	Sales Income	154	0.0	95004	0.08	0.0	
ENDTRNS	
TRNS	INVOICE	12/17/2021	Truck: 154wsuv	Accounts Receivable	154	0	95005	
SPL	INVOICE	12/17/2021	H2	Sales Income	154	0.0	95005	0.09	0.0	
ENDTRNS	
TRNS	INVOICE	12/17/2021	Truck: 1706JCGcom	Accounts Receivable	240	104.42	95006	
SPL	INVOICE	12/17/2021	H1	Sales Income	240	-104.42	95006	2.29	45.6	
ENDTRNS	
TRNS	INVOICE	12/17/2021	Truck: 154butil	Accounts Receivable	154	0	95007	
SPL	INVOICE	12/17/2021	H2	Sales Income	154	0.0	95007	0.09	0.0	
ENDTRNS	
TRNS	INVOICE	12/17/2021	Truck: 154mram	Accounts Receivable	154	0	95008	
SPL	INVOICE	12/17/2021	H2	Sales Income	154	0.0	95008	0.06	0.0	
ENDTRNS	
TRNS	INVOICE	12/17/2021	Truck: 2664	Accounts Receivable	173	0	95009	
SPL	INVOICE	12/17/2021	H-3	Sales Income	173	0.0	95009	22.17	0.0	
ENDTRNS	
TRNS	INVOICE	12/17/2021	Truck: 182bd/t	Accounts Receivable	182	47.88	95010	
SPL	INVOICE	12/17/2021	H1	Sales Income	182	-47.88	95010	1.05	45.6	
ENDTRNS	
TRNS	INVOICE	12/17/2021	Truck: 182davis	Accounts Receivable	182	63.38	95011	
SPL	INVOICE	12/17/2021	DC	Sales Income	182	-63.38	95011	1.39	45.6	
ENDTRNS	
TRNS	INVOICE	12/17/2021	Truck: 1133	Accounts Receivable	173	0	95012	
SPL	INVOICE	12/17/2021	H-3	Sales Income	173	0.0	95012	25.28	0.0	
ENDTRNS	
TRNS	INVOICE	12/17/2021	Truck: 1706JCG20	Accounts Receivable	240	34.66	95013	
SPL	INVOICE	12/17/2021	H1	Sales Income	240	-34.66	95013	0.76	45.61	
ENDTRNS	
TRNS	INVOICE	12/17/2021	Truck: 154bf150	Accounts Receivable	154	0	95015	
SPL	INVOICE	12/17/2021	H2	Sales Income	154	0.0	95015	0.11	0.0	
ENDTRNS	
TRNS	INVOICE	12/17/2021	Truck: 154btac	Accounts Receivable	154	0	95016	
SPL	INVOICE	12/17/2021	H2	Sales Income	154	0.0	95016	0.04	0.0	
ENDTRNS	
TRNS	INVOICE	12/17/2021	Truck: 154bcsilv	Accounts Receivable	154	0	95017	
SPL	INVOICE	12/17/2021	H2	Sales Income	154	0.0	95017	0.04	0.0	
ENDTRNS	
TRNS	INVOICE	12/17/2021	Truck: 154bf150	Accounts Receivable	154	0	95018	
SPL	INVOICE	12/17/2021	H2	Sales Income	154	0.0	95018	0.26	0.0	
ENDTRNS	
TRNS	INVOICE	12/17/2021	Truck: Co H 3	Accounts Receivable	154	0	95019	
SPL	INVOICE	12/17/2021	H-2	Sales Income	154	0.0	95019	0.09	0.0	
ENDTRNS	
TRNS	INVOICE	12/17/2021	Truck: 1921-O	Accounts Receivable	162	0	95020	
SPL	INVOICE	12/17/2021	H-2	Sales Income	162	0.0	95020	2.07	0.0	
ENDTRNS	
TRNS	INVOICE	12/17/2021	Truck: 182wtac/t	Accounts Receivable	182	23.71	95021	
SPL	INVOICE	12/17/2021	DC	Sales Income	182	-23.71	95021	0.52	45.6	
ENDTRNS	
TRNS	INVOICE	12/17/2021	Truck: 154msuv	Accounts Receivable	154	0	95022	
SPL	INVOICE	12/17/2021	H2	Sales Income	154	0.0	95022	0.02	0.0	
ENDTRNS	
TRNS	INVOICE	12/17/2021	Truck: 154mtun/t	Accounts Receivable	154	0	95023	
SPL	INVOICE	12/17/2021	H2	Sales Income	154	0.0	95023	0.12	0.0	
ENDTRNS	
TRNS	INVOICE	12/17/2021	Truck: 154tc1500	Accounts Receivable	182	5.93	95024	
SPL	INVOICE	12/17/2021	DC	Sales Income	182	-5.93	95024	0.13	45.62	
ENDTRNS	
TRNS	INVOICE	12/17/2021	Truck: 154wsuv/	Accounts Receivable	154	0	95025	
SPL	INVOICE	12/17/2021	H2	Sales Income	154	0.0	95025	0.04	0.0	
ENDTRNS	
TRNS	INVOICE	12/17/2021	Truck: 154bsuv	Accounts Receivable	154	0	95026	
SPL	INVOICE	12/17/2021	H2	Sales Income	154	0.0	95026	0.03	0.0	
ENDTRNS	
TRNS	INVOICE	12/17/2021	Truck: CoH2	Accounts Receivable	154	0	95027	
SPL	INVOICE	12/17/2021	I-2	Sales Income	154	0.0	95027	1.52	0.0	
ENDTRNS	
TRNS	INVOICE	12/17/2021	Truck: 154sf150	Accounts Receivable	154	0	95028	
SPL	INVOICE	12/17/2021	H2	Sales Income	154	0.0	95028	0.01	0.0	
ENDTRNS	
TRNS	INVOICE	12/17/2021	Truck: 154bf150/t	Accounts Receivable	154	0	95029	
SPL	INVOICE	12/17/2021	I-2	Sales Income	154	0.0	95029	0.47	0.0	
ENDTRNS	
TRNS	INVOICE	12/17/2021	Truck: 154ttac	Accounts Receivable	154	0	95030	
SPL	INVOICE	12/17/2021	I-2	Sales Income	154	0.0	95030	0.03	0.0	
ENDTRNS	
TRNS	INVOICE	12/17/2021	Truck: 154wf150	Accounts Receivable	154	0	95031	
SPL	INVOICE	12/17/2021	H2	Sales Income	154	0.0	95031	0.17	0.0	
ENDTRNS	
TRNS	INVOICE	12/17/2021	Truck: 154bf250	Accounts Receivable	154	0	95032	
SPL	INVOICE	12/17/2021	H2	Sales Income	154	0.0	95032	0.07	0.0	
ENDTRNS	
TRNS	INVOICE	12/17/2021	Truck: 154bram	Accounts Receivable	154	0	95033	
SPL	INVOICE	12/17/2021	H2	Sales Income	154	0.0	95033	0.26	0.0	
ENDTRNS	
TRNS	INVOICE	12/17/2021	Truck: 154bram/t	Accounts Receivable	182	16.42	95034	
SPL	INVOICE	12/17/2021	DC	Sales Income	182	-16.42	95034	0.36	45.61	
ENDTRNS	
TRNS	INVOICE	12/17/2021	Truck: 154wc35/t	Accounts Receivable	154	0	95035	
SPL	INVOICE	12/17/2021	H2	Sales Income	154	0.0	95035	0.11	0.0	
ENDTRNS	
TRNS	INVOICE	12/17/2021	Truck: 154msuv	Accounts Receivable	154	0	95036	
SPL	INVOICE	12/17/2021	H2	Sales Income	154	0.0	95036	0.04	0.0	
ENDTRNS	
TRNS	INVOICE	12/17/2021	Truck: 154sc1500	Accounts Receivable	154	0	95037	
SPL	INVOICE	12/17/2021	H2	Sales Income	154	0.0	95037	0.11	0.0	
ENDTRNS	
TRNS	INVOICE	12/17/2021	Truck: 1133	Accounts Receivable	173	0	95038	
SPL	INVOICE	12/17/2021	H-3	Sales Income	173	0.0	95038	24.41	0.0	
ENDTRNS	
TRNS	INVOICE	12/17/2021	Truck: 154rf150	Accounts Receivable	154	0	95039	
SPL	INVOICE	12/17/2021	H2	Sales Income	154	0.0	95039	0	0.0	
ENDTRNS	
TRNS	INVOICE	12/17/2021	Truck: 154wsuv/	Accounts Receivable	154	0	95040	
SPL	INVOICE	12/17/2021	H2	Sales Income	154	0.0	95040	0.2	0.0	
ENDTRNS	
TRNS	INVOICE	12/17/2021	Truck: 154tfcust	Accounts Receivable	154	0	95041	
SPL	INVOICE	12/17/2021	H2	Sales Income	154	0.0	95041	0.25	0.0	
ENDTRNS	
TRNS	INVOICE	12/17/2021	Truck: 154wsuv	Accounts Receivable	154	0	95042	
SPL	INVOICE	12/17/2021	H2	Sales Income	154	0.0	95042	0.02	0.0	
ENDTRNS	
TRNS	INVOICE	12/17/2021	Truck: 154bram	Accounts Receivable	154	0	95043	
SPL	INVOICE	12/17/2021	H2	Sales Income	154	0.0	95043	0.19	0.0	
ENDTRNS	
TRNS	INVOICE	12/17/2021	Truck: 154bram35	Accounts Receivable	154	0	95044	
SPL	INVOICE	12/17/2021	H2	Sales Income	154	0.0	95044	0.07	0.0	
ENDTRNS	
TRNS	INVOICE	12/17/2021	Truck: 154sclt	Accounts Receivable	154	0	95045	
SPL	INVOICE	12/17/2021	H2	Sales Income	154	0.0	95045	0.42	0.0	
ENDTRNS	
TRNS	INVOICE	12/17/2021	Truck: 154gram	Accounts Receivable	154	0	95046	
SPL	INVOICE	12/17/2021	H2	Sales Income	154	0.0	95046	0.05	0.0	
ENDTRNS	
TRNS	INVOICE	12/17/2021	Truck: 154wd/t	Accounts Receivable	182	36.94	95047	
SPL	INVOICE	12/17/2021	DC	Sales Income	182	-36.94	95047	0.81	45.6	
ENDTRNS	
TRNS	INVOICE	12/17/2021	Truck: 154bgmc	Accounts Receivable	154	0	95048	
SPL	INVOICE	12/17/2021	H2	Sales Income	154	0.0	95048	0.08	0.0	
ENDTRNS	
TRNS	INVOICE	12/17/2021	Truck: CoH2	Accounts Receivable	154	0	95049	
SPL	INVOICE	12/17/2021	I-2	Sales Income	154	0.0	95049	2.17	0.0	
ENDTRNS	
TRNS	INVOICE	12/17/2021	Truck: 154mc1500	Accounts Receivable	154	0	95050	
SPL	INVOICE	12/17/2021	H2	Sales Income	154	0.0	95050	0.1	0.0	
ENDTRNS	
TRNS	INVOICE	12/17/2021	Truck: 154bsuv/	Accounts Receivable	154	0	95051	
SPL	INVOICE	12/17/2021	H2	Sales Income	154	0.0	95051	0.24	0.0	
ENDTRNS	
TRNS	INVOICE	12/17/2021	Truck: 154bsuv	Accounts Receivable	154	0	95052	
SPL	INVOICE	12/17/2021	H2	Sales Income	154	0.0	95052	0.07	0.0	
ENDTRNS	
TRNS	INVOICE	12/17/2021	Truck: 154util	Accounts Receivable	154	0	95053	
SPL	INVOICE	12/17/2021	H2	Sales Income	154	0.0	95053	0.02	0.0	
ENDTRNS	
TRNS	INVOICE	12/17/2021	Truck: 1905	Accounts Receivable	162	0	95054	
SPL	INVOICE	12/17/2021	H-2	Sales Income	162	0.0	95054	8.41	0.0	
ENDTRNS	
TRNS	INVOICE	12/17/2021	Truck: 1907	Accounts Receivable	162	0	95055	
SPL	INVOICE	12/17/2021	H-2	Sales Income	162	0.0	95055	7.54	0.0	
ENDTRNS	
TRNS	INVOICE	12/17/2021	Truck: 1923	Accounts Receivable	162	0	95056	
SPL	INVOICE	12/17/2021	H-2	Sales Income	162	0.0	95056	10.03	0.0	
ENDTRNS	
TRNS	INVOICE	12/17/2021	Truck: 154mtav	Accounts Receivable	154	0	95057	
SPL	INVOICE	12/17/2021	H2	Sales Income	154	0.0	95057	0.04	0.0	
ENDTRNS	
TRNS	INVOICE	12/17/2021	Truck: 154bf150	Accounts Receivable	154	0	95058	
SPL	INVOICE	12/17/2021	H2	Sales Income	154	0.0	95058	0.05	0.0	
ENDTRNS	
TRNS	INVOICE	12/17/2021	Truck: 1925	Accounts Receivable	162	0	95059	
SPL	INVOICE	12/17/2021	H-2	Sales Income	162	0.0	95059	7.14	0.0	
ENDTRNS	
TRNS	INVOICE	12/17/2021	Truck: 154bf150/t	Accounts Receivable	154	0	95060	
SPL	INVOICE	12/17/2021	H2	Sales Income	154	0.0	95060	0.98	0.0	
ENDTRNS	
TRNS	INVOICE	12/17/2021	Truck: 154btac	Accounts Receivable	154	0	95061	
SPL	INVOICE	12/17/2021	H2	Sales Income	154	0.0	95061	0.04	0.0	
ENDTRNS	
TRNS	INVOICE	12/17/2021	Truck: 154stund	Accounts Receivable	154	0	95062	
SPL	INVOICE	12/17/2021	H2	Sales Income	154	0.0	95062	0.09	0.0	
ENDTRNS	
TRNS	INVOICE	12/17/2021	Truck: 154wram	Accounts Receivable	154	0	95063	
SPL	INVOICE	12/17/2021	H2	Sales Income	154	0.0	95063	0.08	0.0	
ENDTRNS	
TRNS	INVOICE	12/17/2021	Truck: 154rram	Accounts Receivable	154	0	95064	
SPL	INVOICE	12/17/2021	H2	Sales Income	154	0.0	95064	0.01	0.0	
ENDTRNS	
TRNS	INVOICE	12/17/2021	Truck: 1133	Accounts Receivable	173	0	95065	
SPL	INVOICE	12/17/2021	H-3	Sales Income	173	0.0	95065	29.38	0.0	
ENDTRNS	
TRNS	INVOICE	12/17/2021	Truck: 154tan	Accounts Receivable	154	0	95066	
SPL	INVOICE	12/17/2021	H2	Sales Income	154	0.0	95066	0.3	0.0	
ENDTRNS	
TRNS	INVOICE	12/17/2021	Truck: 154bf250	Accounts Receivable	182	8.21	95067	
SPL	INVOICE	12/17/2021	DC	Sales Income	182	-8.21	95067	0.18	45.61	
ENDTRNS	
TRNS	INVOICE	12/18/2021	Truck: 154gc1500	Accounts Receivable	154	0	95068	
SPL	INVOICE	12/18/2021	H2	Sales Income	154	0.0	95068	0.22	0.0	
ENDTRNS	
TRNS	INVOICE	12/18/2021	Truck: 182b2500/	Accounts Receivable	182	172.82	95069	
SPL	INVOICE	12/18/2021	DC	Sales Income	182	-172.82	95069	3.79	45.6	
ENDTRNS	
TRNS	INVOICE	12/18/2021	Truck: 154mgmc	Accounts Receivable	154	0	95070	
SPL	INVOICE	12/18/2021	I-2	Sales Income	154	0.0	95070	0.1	0.0	
ENDTRNS	
TRNS	INVOICE	12/18/2021	Truck: 154mf150	Accounts Receivable	154	0	95071	
SPL	INVOICE	12/18/2021	H2	Sales Income	154	0.0	95071	0.08	0.0	
ENDTRNS	
TRNS	INVOICE	12/18/2021	Truck: 154bf150	Accounts Receivable	154	0	95072	
SPL	INVOICE	12/18/2021	H2	Sales Income	154	0.0	95072	0.07	0.0	
ENDTRNS	
TRNS	INVOICE	12/18/2021	Truck: 154wram/	Accounts Receivable	154	0	95073	
SPL	INVOICE	12/18/2021	H2	Sales Income	154	0.0	95073	0.16	0.0	
ENDTRNS	
TRNS	INVOICE	12/18/2021	Truck: 154gtac	Accounts Receivable	154	0	95074	
SPL	INVOICE	12/18/2021	H2	Sales Income	154	0.0	95074	0.07	0.0	
ENDTRNS	
TRNS	INVOICE	12/18/2021	Truck: 154rtund	Accounts Receivable	154	0	95075	
SPL	INVOICE	12/18/2021	I-2	Sales Income	154	0.0	95075	0.13	0.0	
ENDTRNS	
TRNS	INVOICE	12/18/2021	Truck: 154sf150	Accounts Receivable	154	0	95076	
SPL	INVOICE	12/18/2021	H2	Sales Income	154	0.0	95076	0	0.0	
ENDTRNS	
TRNS	INVOICE	12/18/2021	Truck: 154btac	Accounts Receivable	154	0	95077	
SPL	INVOICE	12/18/2021	H2	Sales Income	154	0.0	95077	0.07	0.0	
ENDTRNS	
TRNS	INVOICE	12/18/2021	Truck: 154gsil	Accounts Receivable	154	0	95078	
SPL	INVOICE	12/18/2021	H2	Sales Income	154	0.0	95078	0.06	0.0	
ENDTRNS	
TRNS	INVOICE	12/18/2021	Truck: 154suc/	Accounts Receivable	154	0	95079	
SPL	INVOICE	12/18/2021	H2	Sales Income	154	0.0	95079	0.24	0.0	
ENDTRNS	
TRNS	INVOICE	12/18/2021	Truck: 154mtac	Accounts Receivable	154	0	95080	
SPL	INVOICE	12/18/2021	H2	Sales Income	154	0.0	95080	0.06	0.0	
ENDTRNS	
TRNS	INVOICE	12/18/2021	Truck: 154tggmc	Accounts Receivable	154	0	95081	
SPL	INVOICE	12/18/2021	H2	Sales Income	154	0.0	95081	0.07	0.0	
ENDTRNS	
TRNS	INVOICE	12/18/2021	Truck: 154wf150	Accounts Receivable	154	0	95083	
SPL	INVOICE	12/18/2021	H2	Sales Income	154	0.0	95083	0.06	0.0	
ENDTRNS	
TRNS	INVOICE	12/18/2021	Truck: 154bf150	Accounts Receivable	154	0	95084	
SPL	INVOICE	12/18/2021	H2	Sales Income	154	0.0	95084	0.08	0.0	
ENDTRNS	
TRNS	INVOICE	12/18/2021	Truck: 154gf350	Accounts Receivable	154	0	95085	
SPL	INVOICE	12/18/2021	H2	Sales Income	154	0.0	95085	0.12	0.0	
ENDTRNS	
TRNS	INVOICE	12/18/2021	Truck: 154wgmc	Accounts Receivable	154	0	95086	
SPL	INVOICE	12/18/2021	H2	Sales Income	154	0.0	95086	0.19	0.0	
ENDTRNS	
TRNS	INVOICE	12/18/2021	Truck: 154bram	Accounts Receivable	154	0	95087	
SPL	INVOICE	12/18/2021	W-2 (White Goods)	Sales Income	154	0.0	95087	0.12	0.0	
ENDTRNS	
TRNS	INVOICE	12/18/2021	Truck: 154btoy	Accounts Receivable	154	0	95088	
SPL	INVOICE	12/18/2021	H2	Sales Income	154	0.0	95088	0.04	0.0	
ENDTRNS	
TRNS	INVOICE	12/18/2021	Truck: 154f150	Accounts Receivable	154	0	95089	
SPL	INVOICE	12/18/2021	I-2	Sales Income	154	0.0	95089	0.06	0.0	
ENDTRNS	
TRNS	INVOICE	12/18/2021	Truck: 154mf150/t	Accounts Receivable	182	9.58	95090	
SPL	INVOICE	12/18/2021	DC	Sales Income	182	-9.58	95090	0.21	45.62	
ENDTRNS	
TRNS	INVOICE	12/18/2021	Truck: 154wcsilv	Accounts Receivable	154	0	95091	
SPL	INVOICE	12/18/2021	H2	Sales Income	154	0.0	95091	0.07	0.0	
ENDTRNS	
TRNS	INVOICE	12/18/2021	Truck: 154rtac	Accounts Receivable	154	0	95092	
SPL	INVOICE	12/18/2021	H2	Sales Income	154	0.0	95092	0.02	0.0	
ENDTRNS	
TRNS	INVOICE	12/18/2021	Truck: 182wf250/t	Accounts Receivable	182	217.06	95093	
SPL	INVOICE	12/18/2021	DC	Sales Income	182	-217.06	95093	4.76	45.6	
ENDTRNS	
TRNS	INVOICE	12/18/2021	Truck: 154wgmc	Accounts Receivable	154	0	95094	
SPL	INVOICE	12/18/2021	H2	Sales Income	154	0.0	95094	0.07	0.0	
ENDTRNS	
TRNS	INVOICE	12/18/2021	Truck: 154bram	Accounts Receivable	182	11.4	95095	
SPL	INVOICE	12/18/2021	DC	Sales Income	182	-11.4	95095	0.25	45.6	
ENDTRNS	
TRNS	INVOICE	12/18/2021	Truck: 154bram250	Accounts Receivable	154	0	95096	
SPL	INVOICE	12/18/2021	H2	Sales Income	154	0.0	95096	0.04	0.0	
ENDTRNS	
TRNS	INVOICE	12/18/2021	Truck: 154bccol	Accounts Receivable	154	0	95097	
SPL	INVOICE	12/18/2021	H2	Sales Income	154	0.0	95097	0.09	0.0	
ENDTRNS	
TRNS	INVOICE	12/18/2021	Truck: 154bfran/t	Accounts Receivable	182	20.98	95098	
SPL	INVOICE	12/18/2021	DC	Sales Income	182	-20.98	95098	0.46	45.61	
ENDTRNS	
TRNS	INVOICE	12/18/2021	Truck: 154tf250/t	Accounts Receivable	182	24.17	95099	
SPL	INVOICE	12/18/2021	DC	Sales Income	182	-24.17	95099	0.53	45.6	
ENDTRNS	
TRNS	INVOICE	12/18/2021	Truck: 154bfran	Accounts Receivable	154	0	95100	
SPL	INVOICE	12/18/2021	H2	Sales Income	154	0.0	95100	0.06	0.0	
ENDTRNS	
TRNS	INVOICE	12/18/2021	Truck: 154b150/tr	Accounts Receivable	154	0	95101	
SPL	INVOICE	12/18/2021	I-2	Sales Income	154	0.0	95101	0.65	0.0	
ENDTRNS	
TRNS	INVOICE	12/18/2021	Truck: 154rfran	Accounts Receivable	154	5.02	95102	
SPL	INVOICE	12/18/2021	H2	Sales Income	154	-5.02	95102	0.11	45.64	
ENDTRNS	
TRNS	INVOICE	12/18/2021	Truck: 154rram	Accounts Receivable	154	0	95103	
SPL	INVOICE	12/18/2021	H2	Sales Income	154	0.0	95103	0.06	0.0	
ENDTRNS	
TRNS	INVOICE	12/18/2021	Truck: 154bcz71	Accounts Receivable	154	0	95104	
SPL	INVOICE	12/18/2021	H2	Sales Income	154	0.0	95104	0.02	0.0	
ENDTRNS	
TRNS	INVOICE	12/18/2021	Truck: 154br/t	Accounts Receivable	154	0	95105	
SPL	INVOICE	12/18/2021	H2	Sales Income	154	0.0	95105	0.16	0.0	
ENDTRNS	
TRNS	INVOICE	12/18/2021	Truck: 182bc2500/	Accounts Receivable	182	46.51	95106	
SPL	INVOICE	12/18/2021	DC	Sales Income	182	-46.51	95106	1.02	45.6	
ENDTRNS	
TRNS	INVOICE	12/18/2021	Truck: 154sgmc	Accounts Receivable	154	0	95107	
SPL	INVOICE	12/18/2021	H2	Sales Income	154	0.0	95107	0.04	0.0	
ENDTRNS	
TRNS	INVOICE	12/18/2021	Truck: 14sf250	Accounts Receivable	182	6.84	95108	
SPL	INVOICE	12/18/2021	DC	Sales Income	182	-6.84	95108	0.15	45.6	
ENDTRNS	
TRNS	INVOICE	12/18/2021	Truck: 154sran	Accounts Receivable	154	0	95109	
SPL	INVOICE	12/18/2021	H2	Sales Income	154	0.0	95109	0.08	0.0	
ENDTRNS	
TRNS	INVOICE	12/18/2021	Truck: 154msuv	Accounts Receivable	154	0	95110	
SPL	INVOICE	12/18/2021	H2	Sales Income	154	0.0	95110	0.01	0.0	
ENDTRNS	
TRNS	INVOICE	12/18/2021	Truck: 154mgmc	Accounts Receivable	154	0	95111	
SPL	INVOICE	12/18/2021	H2	Sales Income	154	0.0	95111	0.04	0.0	
ENDTRNS	
TRNS	INVOICE	12/18/2021	Truck: 154bgmc	Accounts Receivable	154	0	95112	
SPL	INVOICE	12/18/2021	H2	Sales Income	154	0.0	95112	0.09	0.0	
ENDTRNS	
TRNS	INVOICE	12/18/2021	Truck: 154sccolo	Accounts Receivable	154	0	95113	
SPL	INVOICE	12/18/2021	H2	Sales Income	154	0.0	95113	0.03	0.0	
ENDTRNS	
TRNS	INVOICE	12/18/2021	Truck: 154rgmc	Accounts Receivable	154	0	95114	
SPL	INVOICE	12/18/2021	H2	Sales Income	154	0.0	95114	0.18	0.0	
ENDTRNS	
TRNS	INVOICE	12/18/2021	Truck: 154sccolor	Accounts Receivable	154	0	95115	
SPL	INVOICE	12/18/2021	I-2	Sales Income	154	0.0	95115	0.2	0.0	
ENDTRNS	
TRNS	INVOICE	12/18/2021	Truck: 154bcsilv	Accounts Receivable	154	0	95116	
SPL	INVOICE	12/18/2021	H2	Sales Income	154	0.0	95116	0.1	0.0	
ENDTRNS	
TRNS	INVOICE	12/18/2021	Truck: 154wf150	Accounts Receivable	154	0	95117	
SPL	INVOICE	12/18/2021	H2	Sales Income	154	0.0	95117	0.2	0.0	
ENDTRNS	
TRNS	INVOICE	12/18/2021	Truck: 154rram	Accounts Receivable	154	0	95118	
SPL	INVOICE	12/18/2021	H2	Sales Income	154	0.0	95118	0.07	0.0	
ENDTRNS	
TRNS	INVOICE	12/18/2021	Truck: 154wc2500	Accounts Receivable	154	0	95119	
SPL	INVOICE	12/18/2021	H2	Sales Income	154	0.0	95119	0.08	0.0	
ENDTRNS	
TRNS	INVOICE	12/18/2021	Truck: 154wgmc	Accounts Receivable	154	0	95120	
SPL	INVOICE	12/18/2021	H2	Sales Income	154	0.0	95120	0.12	0.0	
ENDTRNS	
TRNS	INVOICE	12/18/2021	Truck: 154bf150	Accounts Receivable	154	0	95122	
SPL	INVOICE	12/18/2021	H2	Sales Income	154	0.0	95122	0.07	0.0	
ENDTRNS	
TRNS	INVOICE	12/18/2021	Truck: 154gsuv/	Accounts Receivable	154	0	95123	
SPL	INVOICE	12/18/2021	H2	Sales Income	154	0.0	95123	0.09	0.0	
ENDTRNS	
TRNS	INVOICE	12/18/2021	Truck: 154wtac	Accounts Receivable	154	0	95124	
SPL	INVOICE	12/18/2021	H2	Sales Income	154	0.0	95124	0.1	0.0	
ENDTRNS	
TRNS	INVOICE	12/18/2021	Truck: 154mvan	Accounts Receivable	154	0	95125	
SPL	INVOICE	12/18/2021	H2	Sales Income	154	0.0	95125	0.01	0.0	
ENDTRNS	
TRNS	INVOICE	12/18/2021	Truck: 154s4x4/	Accounts Receivable	154	0	95127	
SPL	INVOICE	12/18/2021	H2	Sales Income	154	0.0	95127	0.42	0.0	
ENDTRNS	
TRNS	INVOICE	12/18/2021	Truck: 154bram	Accounts Receivable	154	0	95128	
SPL	INVOICE	12/18/2021	H2	Sales Income	154	0.0	95128	0.45	0.0	
ENDTRNS	
TRNS	INVOICE	12/18/2021	Truck: 154rfran/t	Accounts Receivable	154	0	95129	
SPL	INVOICE	12/18/2021	H2	Sales Income	154	0.0	95129	0.16	0.0	
ENDTRNS	
TRNS	INVOICE	12/18/2021	Truck: 154gfran	Accounts Receivable	154	0	95130	
SPL	INVOICE	12/18/2021	H2	Sales Income	154	0.0	95130	0.11	0.0	
ENDTRNS	
TRNS	INVOICE	12/18/2021	Truck: 154wf150	Accounts Receivable	154	0	95131	
SPL	INVOICE	12/18/2021	H2	Sales Income	154	0.0	95131	0.06	0.0	
ENDTRNS	
TRNS	INVOICE	12/18/2021	Truck: 154bram/t	Accounts Receivable	154	0	95132	
SPL	INVOICE	12/18/2021	H2	Sales Income	154	0.0	95132	0.14	0.0	
ENDTRNS	
TRNS	INVOICE	12/18/2021	Truck: 154rcsil	Accounts Receivable	154	0	95133	
SPL	INVOICE	12/18/2021	H2	Sales Income	154	0.0	95133	0.11	0.0	
ENDTRNS	
TRNS	INVOICE	12/18/2021	Truck: 154car	Accounts Receivable	154	0	95134	
SPL	INVOICE	12/18/2021	H2	Sales Income	154	0.0	95134	0.01	0.0	
ENDTRNS	
TRNS	INVOICE	12/18/2021	Truck: 154btun	Accounts Receivable	154	0	95135	
SPL	INVOICE	12/18/2021	H2	Sales Income	154	0.0	95135	0.48	0.0	
ENDTRNS	
TRNS	INVOICE	12/18/2021	Truck: 154btac/t	Accounts Receivable	154	0	95137	
SPL	INVOICE	12/18/2021	H2	Sales Income	154	0.0	95137	0.32	0.0	
ENDTRNS	
TRNS	INVOICE	12/18/2021	Truck: 154bff150	Accounts Receivable	154	0	95138	
SPL	INVOICE	12/18/2021	H2	Sales Income	154	0.0	95138	0.09	0.0	
ENDTRNS	
TRNS	INVOICE	12/20/2021	Truck: 1706comp	Accounts Receivable	240	88.01	95139	
SPL	INVOICE	12/20/2021	H1	Sales Income	240	-88.01	95139	1.93	45.6	
ENDTRNS	
TRNS	INVOICE	12/20/2021	Truck: 1539	Accounts Receivable	160	0	95140	
SPL	INVOICE	12/20/2021	H2	Sales Income	160	0.0	95140	0.4	0.0	
ENDTRNS	
TRNS	INVOICE	12/20/2021	Truck: 238	Accounts Receivable	238	25.54	95141	
SPL	INVOICE	12/20/2021	DC	Sales Income	238	-25.54	95141	0.56	45.61	
ENDTRNS	
TRNS	INVOICE	12/20/2021	Truck: 1921-O	Accounts Receivable	162	0	95142	
SPL	INVOICE	12/20/2021	H-2	Sales Income	162	0.0	95142	1.95	0.0	
ENDTRNS	
TRNS	INVOICE	12/20/2021	Truck: 154	Accounts Receivable	154	0	95143	
SPL	INVOICE	12/20/2021	H-2	Sales Income	154	0.0	95143	0.21	0.0	
ENDTRNS	
TRNS	INVOICE	12/20/2021	Truck: 182bnlkden	Accounts Receivable	182	5.02	95144	
SPL	INVOICE	12/20/2021	DC	Sales Income	182	-5.02	95144	0.11	45.64	
ENDTRNS	
TRNS	INVOICE	12/20/2021	Truck: 154vly	Accounts Receivable	154	0	95145	
SPL	INVOICE	12/20/2021	H2	Sales Income	154	0.0	95145	0.12	0.0	
ENDTRNS	
TRNS	INVOICE	12/20/2021	Truck: 182white	Accounts Receivable	182	25.54	95146	
SPL	INVOICE	12/20/2021	H1	Sales Income	182	-25.54	95146	0.56	45.61	
ENDTRNS	
TRNS	INVOICE	12/20/2021	Truck: 182dump	Accounts Receivable	182	50.16	95147	
SPL	INVOICE	12/20/2021	H1	Sales Income	182	-50.16	95147	1.1	45.6	
ENDTRNS	
TRNS	INVOICE	12/20/2021	Truck: 154gold	Accounts Receivable	154	0	95148	
SPL	INVOICE	12/20/2021	H2	Sales Income	154	0.0	95148	0.1	0.0	
ENDTRNS	
TRNS	INVOICE	12/20/2021	Truck: 182leave	Accounts Receivable	182	3.42	95149	
SPL	INVOICE	12/20/2021	I-1	Sales Income	182	-3.42	95149	0.19	18.0	
ENDTRNS	
TRNS	INVOICE	12/20/2021	Truck: 1921-C	Accounts Receivable	162	0	95150	
SPL	INVOICE	12/20/2021	H-2	Sales Income	162	0.0	95150	9.18	0.0	
ENDTRNS	
TRNS	INVOICE	12/20/2021	Truck: 154	Accounts Receivable	236	0	95151	
SPL	INVOICE	12/20/2021	H2	Sales Income	236	0.0	95151	0.91	0.0	
ENDTRNS	
TRNS	INVOICE	12/20/2021	Truck: 154army	Accounts Receivable	154	0	95152	
SPL	INVOICE	12/20/2021	H2	Sales Income	154	0.0	95152	0.56	0.0	
ENDTRNS	
TRNS	INVOICE	12/20/2021	Truck: 1706cal30	Accounts Receivable	240	54.26	95153	
SPL	INVOICE	12/20/2021	H1	Sales Income	240	-54.26	95153	1.19	45.6	
ENDTRNS	
TRNS	INVOICE	12/20/2021	Truck: 1925	Accounts Receivable	162	0	95154	
SPL	INVOICE	12/20/2021	H-2	Sales Income	162	0.0	95154	5.84	0.0	
ENDTRNS	
TRNS	INVOICE	12/20/2021	Truck: 154	Accounts Receivable	154	0	95155	
SPL	INVOICE	12/20/2021	I-2	Sales Income	154	0.0	95155	0.37	0.0	
ENDTRNS	
TRNS	INVOICE	12/20/2021	Truck: 182jimmy	Accounts Receivable	182	42.41	95156	
SPL	INVOICE	12/20/2021	DC	Sales Income	182	-42.41	95156	0.93	45.6	
ENDTRNS	
TRNS	INVOICE	12/20/2021	Truck: 154blk	Accounts Receivable	154	0	95157	
SPL	INVOICE	12/20/2021	I-2	Sales Income	154	0.0	95157	0.99	0.0	
ENDTRNS	
TRNS	INVOICE	12/20/2021	Truck: 154blk	Accounts Receivable	154	0	95158	
SPL	INVOICE	12/20/2021	H2	Sales Income	154	0.0	95158	0.32	0.0	
ENDTRNS	
TRNS	INVOICE	12/20/2021	Truck: 154white	Accounts Receivable	154	0	95159	
SPL	INVOICE	12/20/2021	H2	Sales Income	154	0.0	95159	0.11	0.0	
ENDTRNS	
TRNS	INVOICE	12/20/2021	Truck: 1921-O	Accounts Receivable	162	0	95160	
SPL	INVOICE	12/20/2021	H-2	Sales Income	162	0.0	95160	3.21	0.0	
ENDTRNS	
TRNS	INVOICE	12/20/2021	Truck: 1706cal30	Accounts Receivable	240	14.59	95161	
SPL	INVOICE	12/20/2021	H1	Sales Income	240	-14.59	95161	0.32	45.59	
ENDTRNS	
TRNS	INVOICE	12/20/2021	Truck: 154jeep	Accounts Receivable	154	0	95162	
SPL	INVOICE	12/20/2021	H2	Sales Income	154	0.0	95162	0.23	0.0	
ENDTRNS	
TRNS	INVOICE	12/20/2021	Truck: 1905	Accounts Receivable	162	0	95163	
SPL	INVOICE	12/20/2021	H-2	Sales Income	162	0.0	95163	7.92	0.0	
ENDTRNS	
TRNS	INVOICE	12/20/2021	Truck: 1921-O	Accounts Receivable	162	0	95164	
SPL	INVOICE	12/20/2021	H-2	Sales Income	162	0.0	95164	4.01	0.0	
ENDTRNS	
TRNS	INVOICE	12/20/2021	Truck: 182fx4	Accounts Receivable	182	117.19	95165	
SPL	INVOICE	12/20/2021	DC	Sales Income	182	-117.19	95165	2.57	45.6	
ENDTRNS	
TRNS	INVOICE	12/20/2021	Truck: 154	Accounts Receivable	236	0	95166	
SPL	INVOICE	12/20/2021	H2	Sales Income	236	0.0	95166	0.95	0.0	
ENDTRNS	
TRNS	INVOICE	12/20/2021	Truck: 154gry	Accounts Receivable	154	0	95167	
SPL	INVOICE	12/20/2021	I-2	Sales Income	154	0.0	95167	0.19	0.0	
ENDTRNS	
TRNS	INVOICE	12/20/2021	Truck: 154red	Accounts Receivable	154	0	95168	
SPL	INVOICE	12/20/2021	H2	Sales Income	154	0.0	95168	0.43	0.0	
ENDTRNS	
TRNS	INVOICE	12/20/2021	Truck: 154blk	Accounts Receivable	154	0	95169	
SPL	INVOICE	12/20/2021	H2	Sales Income	154	0.0	95169	0.05	0.0	
ENDTRNS	
TRNS	INVOICE	12/20/2021	Truck: 1541500	Accounts Receivable	154	0	95170	
SPL	INVOICE	12/20/2021	H2	Sales Income	154	0.0	95170	0.18	0.0	
ENDTRNS	
TRNS	INVOICE	12/20/2021	Truck: 1 2 3	Accounts Receivable	154	0	95171	
SPL	INVOICE	12/20/2021	H-2	Sales Income	154	0.0	95171	2.27	0.0	
ENDTRNS	
TRNS	INVOICE	12/20/2021	Truck: 182ram	Accounts Receivable	182	5.93	95172	
SPL	INVOICE	12/20/2021	DC	Sales Income	182	-5.93	95172	0.13	45.62	
ENDTRNS	
TRNS	INVOICE	12/20/2021	Truck: 1923	Accounts Receivable	162	0	95173	
SPL	INVOICE	12/20/2021	H-2	Sales Income	162	0.0	95173	9.97	0.0	
ENDTRNS	
TRNS	INVOICE	12/20/2021	Truck: 1921-O	Accounts Receivable	162	0	95174	
SPL	INVOICE	12/20/2021	H-2	Sales Income	162	0.0	95174	2.39	0.0	
ENDTRNS	
TRNS	INVOICE	12/20/2021	Truck: 154s10	Accounts Receivable	154	0	95175	
SPL	INVOICE	12/20/2021	H2	Sales Income	154	0.0	95175	0.09	0.0	
ENDTRNS	
TRNS	INVOICE	12/20/2021	Truck: 154clora	Accounts Receivable	154	0	95176	
SPL	INVOICE	12/20/2021	H2	Sales Income	154	0.0	95176	0.16	0.0	
ENDTRNS	
TRNS	INVOICE	12/20/2021	Truck: 154maroo	Accounts Receivable	154	0	95177	
SPL	INVOICE	12/20/2021	H2	Sales Income	154	0.0	95177	0.13	0.0	
ENDTRNS	
TRNS	INVOICE	12/20/2021	Truck: 1906	Accounts Receivable	162	0	95178	
SPL	INVOICE	12/20/2021	H-2	Sales Income	162	0.0	95178	9.25	0.0	
ENDTRNS	
TRNS	INVOICE	12/20/2021	Truck: 1925	Accounts Receivable	162	0	95179	
SPL	INVOICE	12/20/2021	H-2	Sales Income	162	0.0	95179	5.76	0.0	
ENDTRNS	
TRNS	INVOICE	12/20/2021	Truck: CoH2	Accounts Receivable	154	0	95180	
SPL	INVOICE	12/20/2021	I-2	Sales Income	154	0.0	95180	0.31	0.0	
ENDTRNS	
TRNS	INVOICE	12/20/2021	Truck: 154	Accounts Receivable	154	0	95181	
SPL	INVOICE	12/20/2021	H-2	Sales Income	154	0.0	95181	0.15	0.0	
ENDTRNS	
TRNS	INVOICE	12/20/2021	Truck: 1905	Accounts Receivable	162	0	95182	
SPL	INVOICE	12/20/2021	H-2	Sales Income	162	0.0	95182	1.88	0.0	
ENDTRNS	
TRNS	INVOICE	12/20/2021	Truck: 1907	Accounts Receivable	162	0	95183	
SPL	INVOICE	12/20/2021	H-2	Sales Income	162	0.0	95183	6.6	0.0	
ENDTRNS	
TRNS	INVOICE	12/20/2021	Truck: 154duel	Accounts Receivable	154	0	95184	
SPL	INVOICE	12/20/2021	H2	Sales Income	154	0.0	95184	0.53	0.0	
ENDTRNS	
TRNS	INVOICE	12/20/2021	Truck: 1921-I	Accounts Receivable	162	0	95185	
SPL	INVOICE	12/20/2021	I-2	Sales Income	162	0.0	95185	0.63	0.0	
ENDTRNS	
TRNS	INVOICE	12/20/2021	Truck: 154titab	Accounts Receivable	154	0	95186	
SPL	INVOICE	12/20/2021	H2	Sales Income	154	0.0	95186	0.03	0.0	
ENDTRNS	
TRNS	INVOICE	12/20/2021	Truck: 154gold	Accounts Receivable	154	0	95187	
SPL	INVOICE	12/20/2021	H2	Sales Income	154	0.0	95187	0.22	0.0	
ENDTRNS	
TRNS	INVOICE	12/20/2021	Truck: 154w	Accounts Receivable	154	0	95188	
SPL	INVOICE	12/20/2021	H2	Sales Income	154	0.0	95188	0.15	0.0	
ENDTRNS	
TRNS	INVOICE	12/20/2021	Truck: 182ram	Accounts Receivable	182	9.12	95189	
SPL	INVOICE	12/20/2021	DC	Sales Income	182	-9.12	95189	0.2	45.6	
ENDTRNS	
TRNS	INVOICE	12/21/2021	Truck: 1001JCGCOM	Accounts Receivable	240	144.1	95190	
SPL	INVOICE	12/21/2021	H1	Sales Income	240	-144.1	95190	3.16	45.6	
ENDTRNS	
TRNS	INVOICE	12/21/2021	Truck: 2664	Accounts Receivable	173	0	95191	
SPL	INVOICE	12/21/2021	H-3	Sales Income	173	0.0	95191	26.63	0.0	
ENDTRNS	
TRNS	INVOICE	12/21/2021	Truck: 154bram	Accounts Receivable	154	0	95192	
SPL	INVOICE	12/21/2021	H2	Sales Income	154	0.0	95192	0.07	0.0	
ENDTRNS	
TRNS	INVOICE	12/21/2021	Truck: 154gram	Accounts Receivable	182	67.03	95193	
SPL	INVOICE	12/21/2021	DC	Sales Income	182	-67.03	95193	1.47	45.6	
ENDTRNS	
TRNS	INVOICE	12/21/2021	Truck: 405-1489	Accounts Receivable	150	0	95194	
SPL	INVOICE	12/21/2021	I-2	Sales Income	150	0.0	95194	0.32	0.0	
ENDTRNS	
TRNS	INVOICE	12/21/2021	Truck: 1133	Accounts Receivable	173	0	95195	
SPL	INVOICE	12/21/2021	H-3	Sales Income	173	0.0	95195	23.45	0.0	
ENDTRNS	
TRNS	INVOICE	12/21/2021	Truck: 154bram/t	Accounts Receivable	154	0	95196	
SPL	INVOICE	12/21/2021	H2	Sales Income	154	0.0	95196	0.3	0.0	
ENDTRNS	
TRNS	INVOICE	12/21/2021	Truck: 154bf250/t	Accounts Receivable	182	46.97	95197	
SPL	INVOICE	12/21/2021	DC	Sales Income	182	-46.97	95197	1.03	45.6	
ENDTRNS	
TRNS	INVOICE	12/21/2021	Truck: 154bvan	Accounts Receivable	154	0	95198	
SPL	INVOICE	12/21/2021	H2	Sales Income	154	0.0	95198	0.01	0.0	
ENDTRNS	
TRNS	INVOICE	12/21/2021	Truck: 154bram/	Accounts Receivable	154	0	95199	
SPL	INVOICE	12/21/2021	H2	Sales Income	154	0.0	95199	0.16	0.0	
ENDTRNS	
TRNS	INVOICE	12/21/2021	Truck: 154wz71	Accounts Receivable	154	0	95200	
SPL	INVOICE	12/21/2021	H2	Sales Income	154	0.0	95200	0.24	0.0	
ENDTRNS	
TRNS	INVOICE	12/21/2021	Truck: 154bniss	Accounts Receivable	154	0	95201	
SPL	INVOICE	12/21/2021	H2	Sales Income	154	0.0	95201	0.09	0.0	
ENDTRNS	
TRNS	INVOICE	12/21/2021	Truck: Renne's 94	Accounts Receivable	194	25.08	95202	
SPL	INVOICE	12/21/2021	H1	Sales Income	194	-25.08	95202	0.55	45.6	
ENDTRNS	
TRNS	INVOICE	12/21/2021	Truck: 154mram	Accounts Receivable	154	0	95204	
SPL	INVOICE	12/21/2021	I-2	Sales Income	154	0.0	95204	0.01	0.0	
ENDTRNS	
TRNS	INVOICE	12/21/2021	Truck: 182dumpit\	Accounts Receivable	182	21.43	95205	
SPL	INVOICE	12/21/2021	H1	Sales Income	182	-21.43	95205	0.47	45.6	
ENDTRNS	
TRNS	INVOICE	12/21/2021	Truck: 154wcsilv	Accounts Receivable	154	0	95206	
SPL	INVOICE	12/21/2021	H2	Sales Income	154	0.0	95206	0.04	0.0	
ENDTRNS	
TRNS	INVOICE	12/21/2021	Truck: 154stac	Accounts Receivable	154	0	95207	
SPL	INVOICE	12/21/2021	H2	Sales Income	154	0.0	95207	0.14	0.0	
ENDTRNS	
TRNS	INVOICE	12/21/2021	Truck: 154bf150	Accounts Receivable	154	0	95208	
SPL	INVOICE	12/21/2021	H2	Sales Income	154	0.0	95208	0.02	0.0	
ENDTRNS	
TRNS	INVOICE	12/21/2021	Truck: 154bcz71	Accounts Receivable	154	0	95209	
SPL	INVOICE	12/21/2021	H2	Sales Income	154	0.0	95209	0.05	0.0	
ENDTRNS	
TRNS	INVOICE	12/21/2021	Truck: 2664	Accounts Receivable	173	0	95210	
SPL	INVOICE	12/21/2021	H-3	Sales Income	173	0.0	95210	27.57	0.0	
ENDTRNS	
TRNS	INVOICE	12/21/2021	Truck: 1925	Accounts Receivable	162	0	95211	
SPL	INVOICE	12/21/2021	H-2	Sales Income	162	0.0	95211	7.97	0.0	
ENDTRNS	
TRNS	INVOICE	12/21/2021	Truck: 154wcolo	Accounts Receivable	154	0	95212	
SPL	INVOICE	12/21/2021	H2	Sales Income	154	0.0	95212	0.02	0.0	
ENDTRNS	
TRNS	INVOICE	12/21/2021	Truck: 154toy	Accounts Receivable	222	3.65	95213	
SPL	INVOICE	12/21/2021	AP 1 vetscommercial	Sales Income	222	-3.65	95213	0.08	45.62	
ENDTRNS	
TRNS	INVOICE	12/21/2021	Truck: 154rcsilv	Accounts Receivable	154	0	95214	
SPL	INVOICE	12/21/2021	H2	Sales Income	154	0.0	95214	0.04	0.0	
ENDTRNS	
TRNS	INVOICE	12/21/2021	Truck: 1905	Accounts Receivable	162	0	95215	
SPL	INVOICE	12/21/2021	H-2	Sales Income	162	0.0	95215	7.44	0.0	
ENDTRNS	
TRNS	INVOICE	12/21/2021	Truck: 1133	Accounts Receivable	173	0	95216	
SPL	INVOICE	12/21/2021	H-3	Sales Income	173	0.0	95216	29.1	0.0	
ENDTRNS	
TRNS	INVOICE	12/21/2021	Truck: 154wsuv/t	Accounts Receivable	182	18.24	95217	
SPL	INVOICE	12/21/2021	H1	Sales Income	182	-18.24	95217	0.4	45.6	
ENDTRNS	
TRNS	INVOICE	12/21/2021	Truck: 1907	Accounts Receivable	162	0	95218	
SPL	INVOICE	12/21/2021	H-2	Sales Income	162	0.0	95218	9.3	0.0	
ENDTRNS	
TRNS	INVOICE	12/21/2021	Truck: Renne's 94	Accounts Receivable	194	18.7	95219	
SPL	INVOICE	12/21/2021	H1	Sales Income	194	-18.7	95219	0.41	45.61	
ENDTRNS	
TRNS	INVOICE	12/21/2021	Truck: 182wf250/t	Accounts Receivable	182	12.77	95220	
SPL	INVOICE	12/21/2021	DC	Sales Income	182	-12.77	95220	0.28	45.61	
ENDTRNS	
TRNS	INVOICE	12/21/2021	Truck: 1923	Accounts Receivable	162	0	95221	
SPL	INVOICE	12/21/2021	H-2	Sales Income	162	0.0	95221	10.08	0.0	
ENDTRNS	
TRNS	INVOICE	12/21/2021	Truck: 1924	Accounts Receivable	162	0	95222	
SPL	INVOICE	12/21/2021	H-2	Sales Income	162	0.0	95222	7.76	0.0	
ENDTRNS	
TRNS	INVOICE	12/21/2021	Truck: 154wram	Accounts Receivable	154	0	95224	
SPL	INVOICE	12/21/2021	H2	Sales Income	154	0.0	95224	0.05	0.0	
ENDTRNS	
TRNS	INVOICE	12/21/2021	Truck: 1925	Accounts Receivable	162	0	95225	
SPL	INVOICE	12/21/2021	H-2	Sales Income	162	0.0	95225	2.53	0.0	
ENDTRNS	
TRNS	INVOICE	12/21/2021	Truck: 154bniss	Accounts Receivable	154	0	95226	
SPL	INVOICE	12/21/2021	H2	Sales Income	154	0.0	95226	0.29	0.0	
ENDTRNS	
TRNS	INVOICE	12/21/2021	Truck: 1906	Accounts Receivable	162	0	95227	
SPL	INVOICE	12/21/2021	H-2	Sales Income	162	0.0	95227	9.25	0.0	
ENDTRNS	
TRNS	INVOICE	12/21/2021	Truck: 238	Accounts Receivable	238	25.99	95228	
SPL	INVOICE	12/21/2021	DC	Sales Income	238	-25.99	95228	0.57	45.6	
ENDTRNS	
TRNS	INVOICE	12/21/2021	Truck: 154mgmc	Accounts Receivable	154	0	95229	
SPL	INVOICE	12/21/2021	H2	Sales Income	154	0.0	95229	0.01	0.0	
ENDTRNS	
TRNS	INVOICE	12/21/2021	Truck: 1133	Accounts Receivable	173	0	95230	
SPL	INVOICE	12/21/2021	H-3	Sales Income	173	0.0	95230	30.02	0.0	
ENDTRNS	
TRNS	INVOICE	12/22/2021	Truck: 1706JCGcom	Accounts Receivable	240	100.78	95231	
SPL	INVOICE	12/22/2021	H1	Sales Income	240	-100.78	95231	2.21	45.6	
ENDTRNS	
TRNS	INVOICE	12/22/2021	Truck: 154bram	Accounts Receivable	154	0	95232	
SPL	INVOICE	12/22/2021	H2	Sales Income	154	0.0	95232	0.04	0.0	
ENDTRNS	
TRNS	INVOICE	12/22/2021	Truck: 2664	Accounts Receivable	173	0	95233	
SPL	INVOICE	12/22/2021	H-3	Sales Income	173	0.0	95233	25.69	0.0	
ENDTRNS	
TRNS	INVOICE	12/22/2021	Truck: 182davis	Accounts Receivable	182	77.06	95234	
SPL	INVOICE	12/22/2021	H1	Sales Income	182	-77.06	95234	1.69	45.6	
ENDTRNS	
TRNS	INVOICE	12/22/2021	Truck: 182junkman	Accounts Receivable	182	13.68	95235	
SPL	INVOICE	12/22/2021	H1	Sales Income	182	-13.68	95235	0.3	45.6	
ENDTRNS	
TRNS	INVOICE	12/22/2021	Truck: 154gram/t	Accounts Receivable	182	66.58	95236	
SPL	INVOICE	12/22/2021	DC	Sales Income	182	-66.58	95236	1.46	45.6	
ENDTRNS	
TRNS	INVOICE	12/22/2021	Truck: 154bfcust	Accounts Receivable	154	0	95237	
SPL	INVOICE	12/22/2021	H2	Sales Income	154	0.0	95237	0.06	0.0	
ENDTRNS	
TRNS	INVOICE	12/22/2021	Truck: 1133	Accounts Receivable	173	0	95238	
SPL	INVOICE	12/22/2021	H-3	Sales Income	173	0.0	95238	25.03	0.0	
ENDTRNS	
TRNS	INVOICE	12/22/2021	Truck: 154bram	Accounts Receivable	154	0	95239	
SPL	INVOICE	12/22/2021	H2	Sales Income	154	0.0	95239	0.27	0.0	
ENDTRNS	
TRNS	INVOICE	12/22/2021	Truck: 154jeep/	Accounts Receivable	154	0	95240	
SPL	INVOICE	12/22/2021	H2	Sales Income	154	0.0	95240	0.11	0.0	
ENDTRNS	
TRNS	INVOICE	12/22/2021	Truck: 154uhaul	Accounts Receivable	154	0	95241	
SPL	INVOICE	12/22/2021	H2	Sales Income	154	0.0	95241	0.25	0.0	
ENDTRNS	
TRNS	INVOICE	12/22/2021	Truck: 154tcust	Accounts Receivable	154	0	95242	
SPL	INVOICE	12/22/2021	H2	Sales Income	154	0.0	95242	0.09	0.0	
ENDTRNS	
TRNS	INVOICE	12/22/2021	Truck: 182dumpit	Accounts Receivable	182	95.3	95243	
SPL	INVOICE	12/22/2021	DC	Sales Income	182	-95.3	95243	2.09	45.6	
ENDTRNS	
TRNS	INVOICE	12/22/2021	Truck: 154gram15	Accounts Receivable	154	0	95244	
SPL	INVOICE	12/22/2021	H2	Sales Income	154	0.0	95244	0.02	0.0	
ENDTRNS	
TRNS	INVOICE	12/22/2021	Truck: 154suv/t	Accounts Receivable	154	0	95245	
SPL	INVOICE	12/22/2021	H2	Sales Income	154	0.0	95245	0.22	0.0	
ENDTRNS	
TRNS	INVOICE	12/22/2021	Truck: 154ts10/t	Accounts Receivable	154	0	95246	
SPL	INVOICE	12/22/2021	H2	Sales Income	154	0.0	95246	0.37	0.0	
ENDTRNS	
TRNS	INVOICE	12/22/2021	Truck: 154wf250	Accounts Receivable	182	79.34	95247	
SPL	INVOICE	12/22/2021	H1	Sales Income	182	-79.34	95247	1.74	45.6	
ENDTRNS	
TRNS	INVOICE	12/22/2021	Truck: PineMtWate	Accounts Receivable	159	0	95248	
SPL	INVOICE	12/22/2021	H2	Sales Income	159	0.0	95248	0.04	0.0	
ENDTRNS	
TRNS	INVOICE	12/22/2021	Truck: 154wtuil	Accounts Receivable	154	0	95249	
SPL	INVOICE	12/22/2021	H2	Sales Income	154	0.0	95249	0.08	0.0	
ENDTRNS	
TRNS	INVOICE	12/22/2021	Truck: 154wf250/t	Accounts Receivable	182	29.64	95250	
SPL	INVOICE	12/22/2021	DC	Sales Income	182	-29.64	95250	0.65	45.6	
ENDTRNS	
TRNS	INVOICE	12/22/2021	Truck: 154tfutil	Accounts Receivable	182	3.65	95251	
SPL	INVOICE	12/22/2021	DC	Sales Income	182	-3.65	95251	0.08	45.62	
ENDTRNS	
TRNS	INVOICE	12/22/2021	Truck: 154bnis	Accounts Receivable	154	0	95252	
SPL	INVOICE	12/22/2021	H2	Sales Income	154	0.0	95252	0.32	0.0	
ENDTRNS	
TRNS	INVOICE	12/22/2021	Truck: 154wf450/t	Accounts Receivable	182	275.42	95253	
SPL	INVOICE	12/22/2021	DC	Sales Income	182	-275.42	95253	6.04	45.6	
ENDTRNS	
TRNS	INVOICE	12/22/2021	Truck: 1925	Accounts Receivable	162	0	95254	
SPL	INVOICE	12/22/2021	H-2	Sales Income	162	0.0	95254	7.3	0.0	
ENDTRNS	
TRNS	INVOICE	12/22/2021	Truck: 154gutil	Accounts Receivable	154	0	95255	
SPL	INVOICE	12/22/2021	H2	Sales Income	154	0.0	95255	0.09	0.0	
ENDTRNS	
TRNS	INVOICE	12/22/2021	Truck: 154wcar	Accounts Receivable	154	0	95256	
SPL	INVOICE	12/22/2021	H2	Sales Income	154	0.0	95256	0.01	0.0	
ENDTRNS	
TRNS	INVOICE	12/22/2021	Truck: 154scsiv	Accounts Receivable	154	0	95257	
SPL	INVOICE	12/22/2021	H2	Sales Income	154	0.0	95257	0.24	0.0	
ENDTRNS	
TRNS	INVOICE	12/22/2021	Truck: 154bf150	Accounts Receivable	154	0	95258	
SPL	INVOICE	12/22/2021	W-2 (White Goods)	Sales Income	154	0.0	95258	0.12	0.0	
ENDTRNS	
TRNS	INVOICE	12/22/2021	Truck: 154bram/t	Accounts Receivable	154	0	95259	
SPL	INVOICE	12/22/2021	I-2	Sales Income	154	0.0	95259	0.19	0.0	
ENDTRNS	
TRNS	INVOICE	12/22/2021	Truck: 154mram/t	Accounts Receivable	154	0	95260	
SPL	INVOICE	12/22/2021	I-2	Sales Income	154	0.0	95260	0.44	0.0	
ENDTRNS	
TRNS	INVOICE	12/22/2021	Truck: 154rf150	Accounts Receivable	154	0	95261	
SPL	INVOICE	12/22/2021	H2	Sales Income	154	0.0	95261	0.04	0.0	
ENDTRNS	
TRNS	INVOICE	12/22/2021	Truck: 154bsuv	Accounts Receivable	154	0	95262	
SPL	INVOICE	12/22/2021	H2	Sales Income	154	0.0	95262	0.01	0.0	
ENDTRNS	
TRNS	INVOICE	12/22/2021	Truck: 154wf150	Accounts Receivable	154	0	95263	
SPL	INVOICE	12/22/2021	H2	Sales Income	154	0.0	95263	0.07	0.0	
ENDTRNS	
TRNS	INVOICE	12/22/2021	Truck: 1133	Accounts Receivable	173	0	95264	
SPL	INVOICE	12/22/2021	H-3	Sales Income	173	0.0	95264	26.68	0.0	
ENDTRNS	
TRNS	INVOICE	12/22/2021	Truck: 154wutil	Accounts Receivable	108	10.94	95265	
SPL	INVOICE	12/22/2021	H1	Sales Income	108	-10.94	95265	0.24	45.58	
ENDTRNS	
TRNS	INVOICE	12/22/2021	Truck: 154wf150/t	Accounts Receivable	182	60.19	95266	
SPL	INVOICE	12/22/2021	DC	Sales Income	182	-60.19	95266	1.32	45.6	
ENDTRNS	
TRNS	INVOICE	12/22/2021	Truck: 154tgmc	Accounts Receivable	154	0	95267	
SPL	INVOICE	12/22/2021	H2	Sales Income	154	0.0	95267	0.16	0.0	
ENDTRNS	
TRNS	INVOICE	12/22/2021	Truck: 154gtoy	Accounts Receivable	154	0	95268	
SPL	INVOICE	12/22/2021	H2	Sales Income	154	0.0	95268	0.03	0.0	
ENDTRNS	
TRNS	INVOICE	12/22/2021	Truck: 154wsuv	Accounts Receivable	154	0	95269	
SPL	INVOICE	12/22/2021	H2	Sales Income	154	0.0	95269	0.02	0.0	
ENDTRNS	
TRNS	INVOICE	12/22/2021	Truck: 154bcz71	Accounts Receivable	154	0	95270	
SPL	INVOICE	12/22/2021	H2	Sales Income	154	0.0	95270	0.11	0.0	
ENDTRNS	
TRNS	INVOICE	12/22/2021	Truck: 154rjeep	Accounts Receivable	154	0	95271	
SPL	INVOICE	12/22/2021	H2	Sales Income	154	0.0	95271	0.02	0.0	
ENDTRNS	
TRNS	INVOICE	12/22/2021	Truck: 154wpat	Accounts Receivable	154	0	95272	
SPL	INVOICE	12/22/2021	H2	Sales Income	154	0.0	95272	0.01	0.0	
ENDTRNS	
TRNS	INVOICE	12/22/2021	Truck: 182wf350	Accounts Receivable	182	42.86	95273	
SPL	INVOICE	12/22/2021	DC	Sales Income	182	-42.86	95273	0.94	45.6	
ENDTRNS	
TRNS	INVOICE	12/22/2021	Truck: 154gnis	Accounts Receivable	154	0	95274	
SPL	INVOICE	12/22/2021	I-2	Sales Income	154	0.0	95274	0.34	0.0	
ENDTRNS	
TRNS	INVOICE	12/22/2021	Truck: 154bfran	Accounts Receivable	182	20.06	95275	
SPL	INVOICE	12/22/2021	DC	Sales Income	182	-20.06	95275	0.44	45.59	
ENDTRNS	
TRNS	INVOICE	12/22/2021	Truck: 154wsilv	Accounts Receivable	154	0	95276	
SPL	INVOICE	12/22/2021	H2	Sales Income	154	0.0	95276	0.03	0.0	
ENDTRNS	
TRNS	INVOICE	12/22/2021	Truck: 154gc1500/	Accounts Receivable	154	0	95277	
SPL	INVOICE	12/22/2021	H2	Sales Income	154	0.0	95277	0.26	0.0	
ENDTRNS	
TRNS	INVOICE	12/22/2021	Truck: 154mule	Accounts Receivable	154	0	95278	
SPL	INVOICE	12/22/2021	H2	Sales Income	154	0.0	95278	0.07	0.0	
ENDTRNS	
TRNS	INVOICE	12/22/2021	Truck: 1923	Accounts Receivable	162	0	95279	
SPL	INVOICE	12/22/2021	H-2	Sales Income	162	0.0	95279	10.61	0.0	
ENDTRNS	
TRNS	INVOICE	12/22/2021	Truck: 154wc3500	Accounts Receivable	154	0	95280	
SPL	INVOICE	12/22/2021	H2	Sales Income	154	0.0	95280	0.06	0.0	
ENDTRNS	
TRNS	INVOICE	12/22/2021	Truck: 1925	Accounts Receivable	162	0	95281	
SPL	INVOICE	12/22/2021	H-2	Sales Income	162	0.0	95281	1.78	0.0	
ENDTRNS	
TRNS	INVOICE	12/22/2021	Truck: 1905	Accounts Receivable	162	0	95282	
SPL	INVOICE	12/22/2021	H-2	Sales Income	162	0.0	95282	6.88	0.0	
ENDTRNS	
TRNS	INVOICE	12/22/2021	Truck: 154bccolo	Accounts Receivable	154	0	95283	
SPL	INVOICE	12/22/2021	H2	Sales Income	154	0.0	95283	0	0.0	
ENDTRNS	
TRNS	INVOICE	12/22/2021	Truck: 154wtund	Accounts Receivable	154	0	95284	
SPL	INVOICE	12/22/2021	H2	Sales Income	154	0.0	95284	0.39	0.0	
ENDTRNS	
TRNS	INVOICE	12/22/2021	Truck: 1906	Accounts Receivable	162	0	95285	
SPL	INVOICE	12/22/2021	H-2	Sales Income	162	0.0	95285	9.99	0.0	
ENDTRNS	
TRNS	INVOICE	12/22/2021	Truck: 154gram	Accounts Receivable	154	0	95286	
SPL	INVOICE	12/22/2021	H2	Sales Income	154	0.0	95286	0.19	0.0	
ENDTRNS	
TRNS	INVOICE	12/22/2021	Truck: 154bsuv	Accounts Receivable	154	0	95287	
SPL	INVOICE	12/22/2021	H2	Sales Income	154	0.0	95287	0.01	0.0	
ENDTRNS	
TRNS	INVOICE	12/22/2021	Truck: 154bsuv/t	Accounts Receivable	154	0	95288	
SPL	INVOICE	12/22/2021	H2	Sales Income	154	0.0	95288	0.1	0.0	
ENDTRNS	
TRNS	INVOICE	12/22/2021	Truck: 182wvan	Accounts Receivable	182	20.98	95289	
SPL	INVOICE	12/22/2021	DC	Sales Income	182	-20.98	95289	0.46	45.61	
ENDTRNS	
TRNS	INVOICE	12/22/2021	Truck: 154rfran	Accounts Receivable	154	0	95290	
SPL	INVOICE	12/22/2021	H2	Sales Income	154	0.0	95290	0.02	0.0	
ENDTRNS	
TRNS	INVOICE	12/22/2021	Truck: 154pnmt/t	Accounts Receivable	182	29.18	95291	
SPL	INVOICE	12/22/2021	DC	Sales Income	182	-29.18	95291	0.64	45.59	
ENDTRNS	
TRNS	INVOICE	12/22/2021	Truck: 1924	Accounts Receivable	162	0	95292	
SPL	INVOICE	12/22/2021	H-2	Sales Income	162	0.0	95292	5.69	0.0	
ENDTRNS	
TRNS	INVOICE	12/22/2021	Truck: 154ttoy	Accounts Receivable	154	0	95293	
SPL	INVOICE	12/22/2021	H2	Sales Income	154	0.0	95293	0.01	0.0	
ENDTRNS	
TRNS	INVOICE	12/22/2021	Truck: 1907	Accounts Receivable	162	0	95294	
SPL	INVOICE	12/22/2021	H-2	Sales Income	162	0.0	95294	9.25	0.0	
ENDTRNS	
TRNS	INVOICE	12/22/2021	Truck: 182wsilver	Accounts Receivable	154	0	95295	
SPL	INVOICE	12/22/2021	H2	Sales Income	154	0.0	95295	1.53	0.0	
ENDTRNS	
TRNS	INVOICE	12/22/2021	Truck: 154stund	Accounts Receivable	154	0	95297	
SPL	INVOICE	12/22/2021	H2	Sales Income	154	0.0	95297	0.07	0.0	
ENDTRNS	
TRNS	INVOICE	12/22/2021	Truck: 154tgmc	Accounts Receivable	154	0	95298	
SPL	INVOICE	12/22/2021	H2	Sales Income	154	0.0	95298	0.37	0.0	
ENDTRNS	
TRNS	INVOICE	12/22/2021	Truck: 154bcz71	Accounts Receivable	154	0	95299	
SPL	INVOICE	12/22/2021	H2	Sales Income	154	0.0	95299	0.32	0.0	
ENDTRNS	
TRNS	INVOICE	12/22/2021	Truck: Co H 3	Accounts Receivable	154	0	95300	
SPL	INVOICE	12/22/2021	H-2	Sales Income	154	0.0	95300	0.06	0.0	
ENDTRNS	
TRNS	INVOICE	12/22/2021	Truck: 154bc1500	Accounts Receivable	154	0	95301	
SPL	INVOICE	12/22/2021	H2	Sales Income	154	0.0	95301	0.05	0.0	
ENDTRNS	
TRNS	INVOICE	12/22/2021	Truck: 154bcsil/t	Accounts Receivable	154	0	95302	
SPL	INVOICE	12/22/2021	H2	Sales Income	154	0.0	95302	0.11	0.0	
ENDTRNS	
TRNS	INVOICE	12/22/2021	Truck: CoH2	Accounts Receivable	154	0	95303	
SPL	INVOICE	12/22/2021	I-2	Sales Income	154	0.0	95303	0.21	0.0	
ENDTRNS	
TRNS	INVOICE	12/22/2021	Truck: 154tnis	Accounts Receivable	154	0	95304	
SPL	INVOICE	12/22/2021	H2	Sales Income	154	0.0	95304	0.07	0.0	
ENDTRNS	
TRNS	INVOICE	12/22/2021	Truck: 154wf150	Accounts Receivable	154	0	95305	
SPL	INVOICE	12/22/2021	H2	Sales Income	154	0.0	95305	0.08	0.0	
ENDTRNS	
TRNS	INVOICE	12/22/2021	Truck: 154tsuv	Accounts Receivable	154	0	95306	
SPL	INVOICE	12/22/2021	H2	Sales Income	154	0.0	95306	0.06	0.0	
ENDTRNS	
TRNS	INVOICE	12/22/2021	Truck: 154wf150	Accounts Receivable	154	0	95307	
SPL	INVOICE	12/22/2021	H2	Sales Income	154	0.0	95307	0.05	0.0	
ENDTRNS	
TRNS	INVOICE	12/22/2021	Truck: 154btoy	Accounts Receivable	154	0	95308	
SPL	INVOICE	12/22/2021	H2	Sales Income	154	0.0	95308	0.3	0.0	
ENDTRNS	
TRNS	INVOICE	12/22/2021	Truck: 154car	Accounts Receivable	154	0	95309	
SPL	INVOICE	12/22/2021	H2	Sales Income	154	0.0	95309	0.04	0.0	
ENDTRNS	
TRNS	INVOICE	12/22/2021	Truck: 154bram/t	Accounts Receivable	154	0	95310	
SPL	INVOICE	12/22/2021	H2	Sales Income	154	0.0	95310	0.38	0.0	
ENDTRNS	
TRNS	INVOICE	12/22/2021	Truck: 154scsilve	Accounts Receivable	154	0	95311	
SPL	INVOICE	12/22/2021	H2	Sales Income	154	0.0	95311	0.12	0.0	
ENDTRNS	
TRNS	INVOICE	12/22/2021	Truck: 154wc2500	Accounts Receivable	154	0	95312	
SPL	INVOICE	12/22/2021	H2	Sales Income	154	0.0	95312	0.07	0.0	
ENDTRNS	
TRNS	INVOICE	12/22/2021	Truck: 1133	Accounts Receivable	173	0	95313	
SPL	INVOICE	12/22/2021	H-3	Sales Income	173	0.0	95313	30.22	0.0	
ENDTRNS	
TRNS	INVOICE	12/22/2021	Truck: 154wf450	Accounts Receivable	182	26.9	95314	
SPL	INVOICE	12/22/2021	DC	Sales Income	182	-26.9	95314	0.59	45.59	
ENDTRNS	
TRNS	INVOICE	12/22/2021	Truck: 154wf150./	Accounts Receivable	154	0	95315	
SPL	INVOICE	12/22/2021	H2	Sales Income	154	0.0	95315	0.19	0.0	
ENDTRNS	
TRNS	INVOICE	12/22/2021	Truck: 154tc1500	Accounts Receivable	182	10.49	95316	
SPL	INVOICE	12/22/2021	DC	Sales Income	182	-10.49	95316	0.23	45.61	
ENDTRNS	
TRNS	INVOICE	12/22/2021	Truck: 154gf150	Accounts Receivable	154	0	95317	
SPL	INVOICE	12/22/2021	H2	Sales Income	154	0.0	95317	0.02	0.0	
ENDTRNS	
TRNS	INVOICE	12/23/2021	Truck: 154bcolo	Accounts Receivable	154	0	95318	
SPL	INVOICE	12/23/2021	H2	Sales Income	154	0.0	95318	0.14	0.0	
ENDTRNS	
TRNS	INVOICE	12/23/2021	Truck: 154wtit/	Accounts Receivable	154	0	95319	
SPL	INVOICE	12/23/2021	I-2	Sales Income	154	0.0	95319	0.32	0.0	
ENDTRNS	
TRNS	INVOICE	12/23/2021	Truck: 1921-C	Accounts Receivable	162	0	95320	
SPL	INVOICE	12/23/2021	H-2	Sales Income	162	0.0	95320	8.42	0.0	
ENDTRNS	
TRNS	INVOICE	12/23/2021	Truck: 154jbc	Accounts Receivable	154	0	95321	
SPL	INVOICE	12/23/2021	H2	Sales Income	154	0.0	95321	0.16	0.0	
ENDTRNS	
TRNS	INVOICE	12/23/2021	Truck: 154wf250/	Accounts Receivable	182	133.61	95322	
SPL	INVOICE	12/23/2021	DC	Sales Income	182	-133.61	95322	2.93	45.6	
ENDTRNS	
TRNS	INVOICE	12/23/2021	Truck: 238	Accounts Receivable	238	27.36	95323	
SPL	INVOICE	12/23/2021	DC	Sales Income	238	-27.36	95323	0.6	45.6	
ENDTRNS	
TRNS	INVOICE	12/23/2021	Truck: 154bsil	Accounts Receivable	154	0	95324	
SPL	INVOICE	12/23/2021	H2	Sales Income	154	0.0	95324	0.02	0.0	
ENDTRNS	
TRNS	INVOICE	12/23/2021	Truck: 154w2500	Accounts Receivable	154	0	95325	
SPL	INVOICE	12/23/2021	H2	Sales Income	154	0.0	95325	0.06	0.0	
ENDTRNS	
TRNS	INVOICE	12/23/2021	Truck: 154bram	Accounts Receivable	154	0	95326	
SPL	INVOICE	12/23/2021	H2	Sales Income	154	0.0	95326	0.2	0.0	
ENDTRNS	
TRNS	INVOICE	12/23/2021	Truck: 1133	Accounts Receivable	173	0	95327	
SPL	INVOICE	12/23/2021	H-3	Sales Income	173	0.0	95327	26.23	0.0	
ENDTRNS	
TRNS	INVOICE	12/23/2021	Truck: 154wf150	Accounts Receivable	154	0	95328	
SPL	INVOICE	12/23/2021	H2	Sales Income	154	0.0	95328	0.06	0.0	
ENDTRNS	
TRNS	INVOICE	12/23/2021	Truck: 154bcolo	Accounts Receivable	154	0	95329	
SPL	INVOICE	12/23/2021	H2	Sales Income	154	0.0	95329	0.1	0.0	
ENDTRNS	
TRNS	INVOICE	12/23/2021	Truck: 1921-C	Accounts Receivable	162	0	95330	
SPL	INVOICE	12/23/2021	H-2	Sales Income	162	0.0	95330	8.77	0.0	
ENDTRNS	
TRNS	INVOICE	12/23/2021	Truck: 154wutil	Accounts Receivable	154	0	95331	
SPL	INVOICE	12/23/2021	H2	Sales Income	154	0.0	95331	1.22	0.0	
ENDTRNS	
TRNS	INVOICE	12/23/2021	Truck: 154wtr	Accounts Receivable	154	0	95332	
SPL	INVOICE	12/23/2021	H2	Sales Income	154	0.0	95332	0.66	0.0	
ENDTRNS	
TRNS	INVOICE	12/23/2021	Truck: 154bf250/t	Accounts Receivable	154	0	95333	
SPL	INVOICE	12/23/2021	H2	Sales Income	154	0.0	95333	0.61	0.0	
ENDTRNS	
TRNS	INVOICE	12/23/2021	Truck: 154wtit/	Accounts Receivable	154	0	95334	
SPL	INVOICE	12/23/2021	I-2	Sales Income	154	0.0	95334	0.24	0.0	
ENDTRNS	
TRNS	INVOICE	12/23/2021	Truck: 154wtac	Accounts Receivable	154	0	95335	
SPL	INVOICE	12/23/2021	H2	Sales Income	154	0.0	95335	0.1	0.0	
ENDTRNS	
TRNS	INVOICE	12/23/2021	Truck: 154bf150	Accounts Receivable	154	0	95336	
SPL	INVOICE	12/23/2021	H2	Sales Income	154	0.0	95336	0.08	0.0	
ENDTRNS	
TRNS	INVOICE	12/23/2021	Truck: 154van/t	Accounts Receivable	182	11.4	95337	
SPL	INVOICE	12/23/2021	H1	Sales Income	182	-11.4	95337	0.25	45.6	
ENDTRNS	
TRNS	INVOICE	12/23/2021	Truck: 154btund/t	Accounts Receivable	154	0	95338	
SPL	INVOICE	12/23/2021	H2	Sales Income	154	0.0	95338	0.5	0.0	
ENDTRNS	
TRNS	INVOICE	12/23/2021	Truck: 154gf150/t	Accounts Receivable	154	0	95339	
SPL	INVOICE	12/23/2021	H2	Sales Income	154	0.0	95339	0.61	0.0	
ENDTRNS	
TRNS	INVOICE	12/23/2021	Truck: 154wc1500	Accounts Receivable	154	0	95340	
SPL	INVOICE	12/23/2021	H2	Sales Income	154	0.0	95340	0.07	0.0	
ENDTRNS	
TRNS	INVOICE	12/23/2021	Truck: 154gf250	Accounts Receivable	154	0	95341	
SPL	INVOICE	12/23/2021	H2	Sales Income	154	0.0	95341	0.02	0.0	
ENDTRNS	
TRNS	INVOICE	12/23/2021	Truck: 154wf150/t	Accounts Receivable	154	0	95342	
SPL	INVOICE	12/23/2021	H2	Sales Income	154	0.0	95342	0.09	0.0	
ENDTRNS	
TRNS	INVOICE	12/23/2021	Truck: 154wram	Accounts Receivable	154	0	95343	
SPL	INVOICE	12/23/2021	H2	Sales Income	154	0.0	95343	0.17	0.0	
ENDTRNS	
TRNS	INVOICE	12/23/2021	Truck: 154bram350	Accounts Receivable	182	5.93	95344	
SPL	INVOICE	12/23/2021	DC	Sales Income	182	-5.93	95344	0.13	45.62	
ENDTRNS	
TRNS	INVOICE	12/23/2021	Truck: 154ssier	Accounts Receivable	154	0	95345	
SPL	INVOICE	12/23/2021	H2	Sales Income	154	0.0	95345	0.01	0.0	
ENDTRNS	
TRNS	INVOICE	12/23/2021	Truck: 1921-O	Accounts Receivable	162	0	95346	
SPL	INVOICE	12/23/2021	H-2	Sales Income	162	0.0	95346	1.13	0.0	
ENDTRNS	
TRNS	INVOICE	12/23/2021	Truck: 154bmazd	Accounts Receivable	154	0	95348	
SPL	INVOICE	12/23/2021	H2	Sales Income	154	0.0	95348	0.06	0.0	
ENDTRNS	
TRNS	INVOICE	12/23/2021	Truck: 154wcz71	Accounts Receivable	154	0	95349	
SPL	INVOICE	12/23/2021	H2	Sales Income	154	0.0	95349	0.03	0.0	
ENDTRNS	
TRNS	INVOICE	12/23/2021	Truck: 154wf2500	Accounts Receivable	182	22.8	95350	
SPL	INVOICE	12/23/2021	DC	Sales Income	182	-22.8	95350	0.5	45.6	
ENDTRNS	
TRNS	INVOICE	12/23/2021	Truck: 154wra.	Accounts Receivable	154	0	95351	
SPL	INVOICE	12/23/2021	H2	Sales Income	154	0.0	95351	0.09	0.0	
ENDTRNS	
TRNS	INVOICE	12/23/2021	Truck: 154wram15/	Accounts Receivable	182	102.6	95352	
SPL	INVOICE	12/23/2021	DC	Sales Income	182	-102.6	95352	2.25	45.6	
ENDTRNS	
TRNS	INVOICE	12/23/2021	Truck: 154gfsport	Accounts Receivable	154	0	95353	
SPL	INVOICE	12/23/2021	H2	Sales Income	154	0.0	95353	0.02	0.0	
ENDTRNS	
TRNS	INVOICE	12/23/2021	Truck: 154wf150	Accounts Receivable	154	0	95354	
SPL	INVOICE	12/23/2021	H2	Sales Income	154	0.0	95354	0.07	0.0	
ENDTRNS	
TRNS	INVOICE	12/23/2021	Truck: 154bram	Accounts Receivable	154	0	95355	
SPL	INVOICE	12/23/2021	H2	Sales Income	154	0.0	95355	0.07	0.0	
ENDTRNS	
TRNS	INVOICE	12/23/2021	Truck: 154wc1500	Accounts Receivable	154	0	95356	
SPL	INVOICE	12/23/2021	H2	Sales Income	154	0.0	95356	0.13	0.0	
ENDTRNS	
TRNS	INVOICE	12/23/2021	Truck: 154wsuv/t	Accounts Receivable	154	0	95357	
SPL	INVOICE	12/23/2021	H2	Sales Income	154	0.0	95357	0.06	0.0	
ENDTRNS	
TRNS	INVOICE	12/23/2021	Truck: 154bf150	Accounts Receivable	154	0	95359	
SPL	INVOICE	12/23/2021	H2	Sales Income	154	0.0	95359	1.4	0.0	
ENDTRNS	
TRNS	INVOICE	12/23/2021	Truck: 154gram	Accounts Receivable	154	0	95360	
SPL	INVOICE	12/23/2021	H2	Sales Income	154	0.0	95360	0.1	0.0	
ENDTRNS	
TRNS	INVOICE	12/23/2021	Truck: 154wcsilve	Accounts Receivable	154	0	95361	
SPL	INVOICE	12/23/2021	H2	Sales Income	154	0.0	95361	0.14	0.0	
ENDTRNS	
TRNS	INVOICE	12/23/2021	Truck: 154wgmc	Accounts Receivable	154	0	95362	
SPL	INVOICE	12/23/2021	H2	Sales Income	154	0.0	95362	0.05	0.0	
ENDTRNS	
TRNS	INVOICE	12/23/2021	Truck: 154bgmc	Accounts Receivable	154	0	95364	
SPL	INVOICE	12/23/2021	H2	Sales Income	154	0.0	95364	0.07	0.0	
ENDTRNS	
TRNS	INVOICE	12/23/2021	Truck: 154sf350/	Accounts Receivable	154	0	95365	
SPL	INVOICE	12/23/2021	I-2	Sales Income	154	0.0	95365	0.39	0.0	
ENDTRNS	
TRNS	INVOICE	12/23/2021	Truck: 154bf250	Accounts Receivable	154	0	95366	
SPL	INVOICE	12/23/2021	H2	Sales Income	154	0.0	95366	0.02	0.0	
ENDTRNS	
TRNS	INVOICE	12/23/2021	Truck: 154rf4x4	Accounts Receivable	154	0	95367	
SPL	INVOICE	12/23/2021	H2	Sales Income	154	0.0	95367	0.01	0.0	
ENDTRNS	
TRNS	INVOICE	12/23/2021	Truck: 154rf250	Accounts Receivable	154	0	95368	
SPL	INVOICE	12/23/2021	H2	Sales Income	154	0.0	95368	0.01	0.0	
ENDTRNS	
TRNS	INVOICE	12/23/2021	Truck: 154gsuv	Accounts Receivable	154	0	95369	
SPL	INVOICE	12/23/2021	H2	Sales Income	154	0.0	95369	0.02	0.0	
ENDTRNS	
TRNS	INVOICE	12/23/2021	Truck: 154stund/t	Accounts Receivable	154	0	95370	
SPL	INVOICE	12/23/2021	I-2	Sales Income	154	0.0	95370	0.33	0.0	
ENDTRNS	
TRNS	INVOICE	12/23/2021	Truck: 154sram250	Accounts Receivable	154	0	95371	
SPL	INVOICE	12/23/2021	H2	Sales Income	154	0.0	95371	0.02	0.0	
ENDTRNS	
TRNS	INVOICE	12/23/2021	Truck: 1921-I	Accounts Receivable	162	0	95372	
SPL	INVOICE	12/23/2021	I-2	Sales Income	162	0.0	95372	0.43	0.0	
ENDTRNS	
TRNS	INVOICE	12/23/2021	Truck: 154wf250	Accounts Receivable	154	0	95374	
SPL	INVOICE	12/23/2021	H2	Sales Income	154	0.0	95374	0.07	0.0	
ENDTRNS	
TRNS	INVOICE	12/23/2021	Truck: 154bcolo	Accounts Receivable	154	0	95375	
SPL	INVOICE	12/23/2021	H2	Sales Income	154	0.0	95375	0.16	0.0	
ENDTRNS	
TRNS	INVOICE	12/23/2021	Truck: 182patri/	Accounts Receivable	182	73.42	95378	
SPL	INVOICE	12/23/2021	H1	Sales Income	182	-73.42	95378	1.61	45.6	
ENDTRNS	
TRNS	INVOICE	12/23/2021	Truck: 154wtac	Accounts Receivable	154	0	95379	
SPL	INVOICE	12/23/2021	H2	Sales Income	154	0.0	95379	0.09	0.0	
ENDTRNS	
TRNS	INVOICE	12/23/2021	Truck: 154bsuv	Accounts Receivable	154	0	95380	
SPL	INVOICE	12/23/2021	H2	Sales Income	154	0.0	95380	0.03	0.0	
ENDTRNS	
TRNS	INVOICE	12/23/2021	Truck: 154wsuv	Accounts Receivable	154	0	95381	
SPL	INVOICE	12/23/2021	H2	Sales Income	154	0.0	95381	0.01	0.0	
ENDTRNS	
TRNS	INVOICE	12/23/2021	Truck: 154sccolo	Accounts Receivable	154	0	95382	
SPL	INVOICE	12/23/2021	H2	Sales Income	154	0.0	95382	0.07	0.0	
ENDTRNS	
TRNS	INVOICE	12/23/2021	Truck: 1 2 3	Accounts Receivable	154	0	95383	
SPL	INVOICE	12/23/2021	H-2	Sales Income	154	0.0	95383	1.66	0.0	
ENDTRNS	
TRNS	INVOICE	12/23/2021	Truck: 154bden/tr	Accounts Receivable	154	0	95384	
SPL	INVOICE	12/23/2021	H2	Sales Income	154	0.0	95384	0.06	0.0	
ENDTRNS	
TRNS	INVOICE	12/23/2021	Truck: 154bc150	Accounts Receivable	154	0	95385	
SPL	INVOICE	12/23/2021	H2	Sales Income	154	0.0	95385	0.11	0.0	
ENDTRNS	
TRNS	INVOICE	12/23/2021	Truck: 154wf250	Accounts Receivable	182	130.42	95387	
SPL	INVOICE	12/23/2021	DC	Sales Income	182	-130.42	95387	2.86	45.6	
ENDTRNS	
TRNS	INVOICE	12/23/2021	Truck: 154gf150/	Accounts Receivable	154	0	95388	
SPL	INVOICE	12/23/2021	H2	Sales Income	154	0.0	95388	1.1	0.0	
ENDTRNS	
TRNS	INVOICE	12/23/2021	Truck: 154wd/t	Accounts Receivable	154	0	95389	
SPL	INVOICE	12/23/2021	H2	Sales Income	154	0.0	95389	0.31	0.0	
ENDTRNS	
TRNS	INVOICE	12/23/2021	Truck: 154wf150	Accounts Receivable	154	0	95391	
SPL	INVOICE	12/23/2021	H2	Sales Income	154	0.0	95391	0.12	0.0	
ENDTRNS	
TRNS	INVOICE	12/23/2021	Truck: 154gsilv	Accounts Receivable	154	0	95392	
SPL	INVOICE	12/23/2021	H2	Sales Income	154	0.0	95392	0.7	0.0	
ENDTRNS	
TRNS	INVOICE	12/23/2021	Truck: 154gtitan	Accounts Receivable	154	0	95393	
SPL	INVOICE	12/23/2021	H2	Sales Income	154	0.0	95393	0.09	0.0	
ENDTRNS	
TRNS	INVOICE	12/23/2021	Truck: 182	Accounts Receivable	240	122.66	95394	
SPL	INVOICE	12/23/2021	H1	Sales Income	240	-122.66	95394	2.69	45.6	
ENDTRNS	
TRNS	INVOICE	12/23/2021	Truck: 154bram	Accounts Receivable	154	0	95395	
SPL	INVOICE	12/23/2021	H2	Sales Income	154	0.0	95395	0.14	0.0	
ENDTRNS	
TRNS	INVOICE	12/23/2021	Truck: 154mtoy	Accounts Receivable	154	0	95396	
SPL	INVOICE	12/23/2021	H2	Sales Income	154	0.0	95396	0.07	0.0	
ENDTRNS	
TRNS	INVOICE	12/23/2021	Truck: 154rf150	Accounts Receivable	154	0	95397	
SPL	INVOICE	12/23/2021	H2	Sales Income	154	0.0	95397	0.02	0.0	
ENDTRNS	
TRNS	INVOICE	12/23/2021	Truck: 154wsuv/t	Accounts Receivable	154	0	95399	
SPL	INVOICE	12/23/2021	H2	Sales Income	154	0.0	95399	0.1	0.0	
ENDTRNS	
TRNS	INVOICE	12/23/2021	Truck: 154gtoy/t	Accounts Receivable	154	0	95400	
SPL	INVOICE	12/23/2021	I-2	Sales Income	154	0.0	95400	0.36	0.0	
ENDTRNS	
TRNS	INVOICE	12/23/2021	Truck: 154wf350	Accounts Receivable	154	0	95401	
SPL	INVOICE	12/23/2021	H2	Sales Income	154	0.0	95401	0.04	0.0	
ENDTRNS	
TRNS	INVOICE	12/23/2021	Truck: 154ttoy/t	Accounts Receivable	154	0	95402	
SPL	INVOICE	12/23/2021	H2	Sales Income	154	0.0	95402	0.22	0.0	
ENDTRNS	
TRNS	INVOICE	12/23/2021	Truck: 154wgmc	Accounts Receivable	154	0	95403	
SPL	INVOICE	12/23/2021	H2	Sales Income	154	0.0	95403	0.07	0.0	
ENDTRNS	
TRNS	INVOICE	12/23/2021	Truck: 1921-O	Accounts Receivable	162	0	95404	
SPL	INVOICE	12/23/2021	H-2	Sales Income	162	0.0	95404	2.44	0.0	
ENDTRNS	
TRNS	INVOICE	12/23/2021	Truck: 154wf250	Accounts Receivable	154	0	95406	
SPL	INVOICE	12/23/2021	H2	Sales Income	154	0.0	95406	0.02	0.0	
ENDTRNS	
TRNS	INVOICE	12/23/2021	Truck: 154bccolo	Accounts Receivable	182	9.12	95407	
SPL	INVOICE	12/23/2021	DC	Sales Income	182	-9.12	95407	0.2	45.6	
ENDTRNS	
TRNS	INVOICE	12/23/2021	Truck: 154wtacom	Accounts Receivable	154	0	95408	
SPL	INVOICE	12/23/2021	H2	Sales Income	154	0.0	95408	0.1	0.0	
ENDTRNS	
TRNS	INVOICE	12/23/2021	Truck: 154scar	Accounts Receivable	154	0	95409	
SPL	INVOICE	12/23/2021	H2	Sales Income	154	0.0	95409	0.03	0.0	
ENDTRNS	
TRNS	INVOICE	12/23/2021	Truck: 154wcar	Accounts Receivable	154	0	95411	
SPL	INVOICE	12/23/2021	H2	Sales Income	154	0.0	95411	0.02	0.0	
ENDTRNS	
TRNS	INVOICE	12/23/2021	Truck: 154rf150	Accounts Receivable	154	0	95412	
SPL	INVOICE	12/23/2021	H2	Sales Income	154	0.0	95412	0.19	0.0	
ENDTRNS	
TRNS	INVOICE	12/23/2021	Truck: 154bram	Accounts Receivable	154	0	95413	
SPL	INVOICE	12/23/2021	H2	Sales Income	154	0.0	95413	0.08	0.0	
ENDTRNS	
TRNS	INVOICE	12/23/2021	Truck: 154gchev	Accounts Receivable	154	0	95414	
SPL	INVOICE	12/23/2021	H2	Sales Income	154	0.0	95414	0.03	0.0	
ENDTRNS	
TRNS	INVOICE	12/23/2021	Truck: 238	Accounts Receivable	238	93.02	95415	
SPL	INVOICE	12/23/2021	DC	Sales Income	238	-93.02	95415	2.04	45.6	
ENDTRNS	
TRNS	INVOICE	12/23/2021	Truck: 154bf150	Accounts Receivable	154	0	95416	
SPL	INVOICE	12/23/2021	H2	Sales Income	154	0.0	95416	0.11	0.0	
ENDTRNS	
TRNS	INVOICE	12/23/2021	Truck: 154wram150	Accounts Receivable	154	0	95417	
SPL	INVOICE	12/23/2021	H2	Sales Income	154	0.0	95417	0.21	0.0	
ENDTRNS	
TRNS	INVOICE	12/23/2021	Truck: 154bfx4	Accounts Receivable	154	0	95419	
SPL	INVOICE	12/23/2021	H2	Sales Income	154	0.0	95419	0.02	0.0	
ENDTRNS	
TRNS	INVOICE	12/23/2021	Truck: 154bf1504	Accounts Receivable	154	0	95420	
SPL	INVOICE	12/23/2021	H2	Sales Income	154	0.0	95420	0.05	0.0	
ENDTRNS	
TRNS	INVOICE	12/23/2021	Truck: 154btund/t	Accounts Receivable	154	0	95421	
SPL	INVOICE	12/23/2021	I-2	Sales Income	154	0.0	95421	1.21	0.0	
ENDTRNS	
TRNS	INVOICE	12/23/2021	Truck: 154bsuv/t	Accounts Receivable	154	0	95422	
SPL	INVOICE	12/23/2021	I-2	Sales Income	154	0.0	95422	0.32	0.0	
ENDTRNS	
TRNS	INVOICE	12/23/2021	Truck: 154rf150	Accounts Receivable	154	0	95423	
SPL	INVOICE	12/23/2021	H2	Sales Income	154	0.0	95423	0.01	0.0	
ENDTRNS	
TRNS	INVOICE	12/23/2021	Truck: 154gf150	Accounts Receivable	154	0	95424	
SPL	INVOICE	12/23/2021	H2	Sales Income	154	0.0	95424	0.02	0.0	
ENDTRNS	
TRNS	INVOICE	12/23/2021	Truck: 154car	Accounts Receivable	154	0	95425	
SPL	INVOICE	12/23/2021	H2	Sales Income	154	0.0	95425	0.04	0.0	
ENDTRNS	
TRNS	INVOICE	12/23/2021	Truck: 2664	Accounts Receivable	173	0	95426	
SPL	INVOICE	12/23/2021	H-3	Sales Income	173	0.0	95426	20.6	0.0	
ENDTRNS	
TRNS	INVOICE	12/23/2021	Truck: 154wram'	Accounts Receivable	154	0	95427	
SPL	INVOICE	12/23/2021	H2	Sales Income	154	0.0	95427	0.03	0.0	
ENDTRNS	
TRNS	INVOICE	12/23/2021	Truck: 154rc	Accounts Receivable	154	0	95428	
SPL	INVOICE	12/23/2021	H2	Sales Income	154	0.0	95428	0.01	0.0	
ENDTRNS	
TRNS	INVOICE	12/27/2021	Truck: 1001JCGCOM	Accounts Receivable	240	85.73	95429	
SPL	INVOICE	12/27/2021	H1	Sales Income	240	-85.73	95429	1.88	45.6	
ENDTRNS	
TRNS	INVOICE	12/27/2021	Truck: 154wutil	Accounts Receivable	154	0	95430	
SPL	INVOICE	12/27/2021	H2	Sales Income	154	0.0	95430	0.02	0.0	
ENDTRNS	
TRNS	INVOICE	12/27/2021	Truck: 154wvan	Accounts Receivable	154	0	95431	
SPL	INVOICE	12/27/2021	H2	Sales Income	154	0.0	95431	0.05	0.0	
ENDTRNS	
TRNS	INVOICE	12/27/2021	Truck: 154rcolo	Accounts Receivable	154	0	95432	
SPL	INVOICE	12/27/2021	H2	Sales Income	154	0.0	95432	0.09	0.0	
ENDTRNS	
TRNS	INVOICE	12/27/2021	Truck: 154sf250'	Accounts Receivable	154	0	95433	
SPL	INVOICE	12/27/2021	H2	Sales Income	154	0.0	95433	0.04	0.0	
ENDTRNS	
TRNS	INVOICE	12/27/2021	Truck: 154sf150	Accounts Receivable	154	0	95434	
SPL	INVOICE	12/27/2021	H2	Sales Income	154	0.0	95434	0.06	0.0	
ENDTRNS	
TRNS	INVOICE	12/27/2021	Truck: 154wf150	Accounts Receivable	154	0	95435	
SPL	INVOICE	12/27/2021	H2	Sales Income	154	0.0	95435	0.12	0.0	
ENDTRNS	
TRNS	INVOICE	12/27/2021	Truck: 154bz	Accounts Receivable	154	0	95436	
SPL	INVOICE	12/27/2021	H2	Sales Income	154	0.0	95436	0.12	0.0	
ENDTRNS	
TRNS	INVOICE	12/27/2021	Truck: 1706JCG20	Accounts Receivable	240	19.15	95437	
SPL	INVOICE	12/27/2021	H1	Sales Income	240	-19.15	95437	0.42	45.6	
ENDTRNS	
TRNS	INVOICE	12/27/2021	Truck: 182	Accounts Receivable	236	0	95438	
SPL	INVOICE	12/27/2021	H2	Sales Income	236	0.0	95438	0.84	0.0	
ENDTRNS	
TRNS	INVOICE	12/27/2021	Truck: 182wd/t	Accounts Receivable	154	0	95439	
SPL	INVOICE	12/27/2021	I-2	Sales Income	154	0.0	95439	0.96	0.0	
ENDTRNS	
TRNS	INVOICE	12/27/2021	Truck: 154car	Accounts Receivable	154	0	95440	
SPL	INVOICE	12/27/2021	H2	Sales Income	154	0.0	95440	0.01	0.0	
ENDTRNS	
TRNS	INVOICE	12/27/2021	Truck: 154wf250	Accounts Receivable	154	0	95441	
SPL	INVOICE	12/27/2021	H2	Sales Income	154	0.0	95441	0.08	0.0	
ENDTRNS	
TRNS	INVOICE	12/27/2021	Truck: 154gf350	Accounts Receivable	154	0	95442	
SPL	INVOICE	12/27/2021	H2	Sales Income	154	0.0	95442	0.05	0.0	
ENDTRNS	
TRNS	INVOICE	12/27/2021	Truck: 154btund	Accounts Receivable	154	0	95443	
SPL	INVOICE	12/27/2021	I-2	Sales Income	154	0.0	95443	0.05	0.0	
ENDTRNS	
TRNS	INVOICE	12/27/2021	Truck: 154gtund	Accounts Receivable	154	0	95444	
SPL	INVOICE	12/27/2021	H2	Sales Income	154	0.0	95444	0.08	0.0	
ENDTRNS	
TRNS	INVOICE	12/27/2021	Truck: 154tc1500	Accounts Receivable	154	0	95445	
SPL	INVOICE	12/27/2021	H2	Sales Income	154	0.0	95445	0.17	0.0	
ENDTRNS	
TRNS	INVOICE	12/27/2021	Truck: 154bava	Accounts Receivable	154	0	95446	
SPL	INVOICE	12/27/2021	H2	Sales Income	154	0.0	95446	0.12	0.0	
ENDTRNS	
TRNS	INVOICE	12/27/2021	Truck: 154rram	Accounts Receivable	154	0	95447	
SPL	INVOICE	12/27/2021	H2	Sales Income	154	0.0	95447	0.02	0.0	
ENDTRNS	
TRNS	INVOICE	12/27/2021	Truck: 154wsierra	Accounts Receivable	154	0	95448	
SPL	INVOICE	12/27/2021	H2	Sales Income	154	0.0	95448	0.01	0.0	
ENDTRNS	
TRNS	INVOICE	12/27/2021	Truck: 154f150	Accounts Receivable	154	0	95449	
SPL	INVOICE	12/27/2021	H2	Sales Income	154	0.0	95449	0.08	0.0	
ENDTRNS	
TRNS	INVOICE	12/27/2021	Truck: 154bsuv	Accounts Receivable	154	0	95450	
SPL	INVOICE	12/27/2021	H2	Sales Income	154	0.0	95450	0.08	0.0	
ENDTRNS	
TRNS	INVOICE	12/27/2021	Truck: 154tan3500	Accounts Receivable	154	0	95451	
SPL	INVOICE	12/27/2021	H2	Sales Income	154	0.0	95451	0.36	0.0	
ENDTRNS	
TRNS	INVOICE	12/27/2021	Truck: 1902	Accounts Receivable	162	0	95452	
SPL	INVOICE	12/27/2021	H-2	Sales Income	162	0.0	95452	2.57	0.0	
ENDTRNS	
TRNS	INVOICE	12/27/2021	Truck: Renne's 94	Accounts Receivable	194	16.87	95453	
SPL	INVOICE	12/27/2021	H1	Sales Income	194	-16.87	95453	0.37	45.59	
ENDTRNS	
TRNS	INVOICE	12/27/2021	Truck: 154bgmc	Accounts Receivable	154	0	95454	
SPL	INVOICE	12/27/2021	W-2 (White Goods)	Sales Income	154	0.0	95454	0.16	0.0	
ENDTRNS	
TRNS	INVOICE	12/27/2021	Truck: 154wgmc	Accounts Receivable	154	0	95455	
SPL	INVOICE	12/27/2021	H2	Sales Income	154	0.0	95455	0.13	0.0	
ENDTRNS	
TRNS	INVOICE	12/27/2021	Truck: 154f150	Accounts Receivable	182	7.3	95456	
SPL	INVOICE	12/27/2021	DC	Sales Income	182	-7.3	95456	0.16	45.62	
ENDTRNS	
TRNS	INVOICE	12/27/2021	Truck: 182	Accounts Receivable	236	0	95457	
SPL	INVOICE	12/27/2021	H2	Sales Income	236	0.0	95457	0.62	0.0	
ENDTRNS	
TRNS	INVOICE	12/27/2021	Truck: 154mtac	Accounts Receivable	154	0	95458	
SPL	INVOICE	12/27/2021	H2	Sales Income	154	0.0	95458	0.05	0.0	
ENDTRNS	
TRNS	INVOICE	12/27/2021	Truck: 154gc1500	Accounts Receivable	154	0	95459	
SPL	INVOICE	12/27/2021	H2	Sales Income	154	0.0	95459	0.04	0.0	
ENDTRNS	
TRNS	INVOICE	12/27/2021	Truck: 154grt4	Accounts Receivable	154	0	95460	
SPL	INVOICE	12/27/2021	H2	Sales Income	154	0.0	95460	0.04	0.0	
ENDTRNS	
TRNS	INVOICE	12/27/2021	Truck: 154bf150	Accounts Receivable	154	0	95461	
SPL	INVOICE	12/27/2021	H2	Sales Income	154	0.0	95461	0.08	0.0	
ENDTRNS	
TRNS	INVOICE	12/27/2021	Truck: 154bram35/	Accounts Receivable	154	0	95462	
SPL	INVOICE	12/27/2021	H2	Sales Income	154	0.0	95462	0.41	0.0	
ENDTRNS	
TRNS	INVOICE	12/27/2021	Truck: 154wram	Accounts Receivable	154	0	95463	
SPL	INVOICE	12/27/2021	H2	Sales Income	154	0.0	95463	0.04	0.0	
ENDTRNS	
TRNS	INVOICE	12/27/2021	Truck: 182mitchum	Accounts Receivable	154	4.14	95464	
SPL	INVOICE	12/27/2021	I-1	Sales Income	154	-4.14	95464	0.23	18.0	
ENDTRNS	
TRNS	INVOICE	12/27/2021	Truck: 154rtoy	Accounts Receivable	154	0	95465	
SPL	INVOICE	12/27/2021	H2	Sales Income	154	0.0	95465	0.02	0.0	
ENDTRNS	
TRNS	INVOICE	12/27/2021	Truck: 1906	Accounts Receivable	162	0	95466	
SPL	INVOICE	12/27/2021	H-2	Sales Income	162	0.0	95466	5.3	0.0	
ENDTRNS	
TRNS	INVOICE	12/27/2021	Truck: 154grey	Accounts Receivable	154	0	95467	
SPL	INVOICE	12/27/2021	I-2	Sales Income	154	0.0	95467	0.15	0.0	
ENDTRNS	
TRNS	INVOICE	12/27/2021	Truck: 154bf350	Accounts Receivable	154	0	95468	
SPL	INVOICE	12/27/2021	H2	Sales Income	154	0.0	95468	0.15	0.0	
ENDTRNS	
TRNS	INVOICE	12/27/2021	Truck: 154wgmc	Accounts Receivable	154	0	95469	
SPL	INVOICE	12/27/2021	H2	Sales Income	154	0.0	95469	0.19	0.0	
ENDTRNS	
TRNS	INVOICE	12/27/2021	Truck: 154bf250	Accounts Receivable	182	44.23	95470	
SPL	INVOICE	12/27/2021	DC	Sales Income	182	-44.23	95470	0.97	45.6	
ENDTRNS	
TRNS	INVOICE	12/27/2021	Truck: 154sram	Accounts Receivable	154	0	95471	
SPL	INVOICE	12/27/2021	H2	Sales Income	154	0.0	95471	0.27	0.0	
ENDTRNS	
TRNS	INVOICE	12/27/2021	Truck: 154bcz71	Accounts Receivable	154	0	95472	
SPL	INVOICE	12/27/2021	H2	Sales Income	154	0.0	95472	0.03	0.0	
ENDTRNS	
TRNS	INVOICE	12/27/2021	Truck: 154bc1500/	Accounts Receivable	182	51.98	95473	
SPL	INVOICE	12/27/2021	DC	Sales Income	182	-51.98	95473	1.14	45.6	
ENDTRNS	
TRNS	INVOICE	12/27/2021	Truck: 154bf150	Accounts Receivable	154	0	95474	
SPL	INVOICE	12/27/2021	H2	Sales Income	154	0.0	95474	0.23	0.0	
ENDTRNS	
TRNS	INVOICE	12/27/2021	Truck: 154wf150	Accounts Receivable	154	0	95475	
SPL	INVOICE	12/27/2021	H2	Sales Income	154	0.0	95475	0.06	0.0	
ENDTRNS	
TRNS	INVOICE	12/27/2021	Truck: 1923	Accounts Receivable	162	0	95476	
SPL	INVOICE	12/27/2021	H-2	Sales Income	162	0.0	95476	7.07	0.0	
ENDTRNS	
TRNS	INVOICE	12/27/2021	Truck: 154wf250	Accounts Receivable	154	0	95477	
SPL	INVOICE	12/27/2021	H2	Sales Income	154	0.0	95477	0.17	0.0	
ENDTRNS	
TRNS	INVOICE	12/27/2021	Truck: 154btund/t	Accounts Receivable	154	0	95478	
SPL	INVOICE	12/27/2021	I-2	Sales Income	154	0.0	95478	1.79	0.0	
ENDTRNS	
TRNS	INVOICE	12/27/2021	Truck: 154bcava	Accounts Receivable	154	0	95479	
SPL	INVOICE	12/27/2021	H2	Sales Income	154	0.0	95479	0.04	0.0	
ENDTRNS	
TRNS	INVOICE	12/27/2021	Truck: 154mf250	Accounts Receivable	154	0	95481	
SPL	INVOICE	12/27/2021	H2	Sales Income	154	0.0	95481	0.12	0.0	
ENDTRNS	
TRNS	INVOICE	12/27/2021	Truck: 154ssuv	Accounts Receivable	154	0	95482	
SPL	INVOICE	12/27/2021	H2	Sales Income	154	0.0	95482	0.03	0.0	
ENDTRNS	
TRNS	INVOICE	12/27/2021	Truck: 154ssuv/	Accounts Receivable	154	0	95483	
SPL	INVOICE	12/27/2021	I-2	Sales Income	154	0.0	95483	0.5	0.0	
ENDTRNS	
TRNS	INVOICE	12/27/2021	Truck: 154gf150	Accounts Receivable	154	0	95484	
SPL	INVOICE	12/27/2021	I-2	Sales Income	154	0.0	95484	0.11	0.0	
ENDTRNS	
TRNS	INVOICE	12/27/2021	Truck: 154gc1500	Accounts Receivable	154	0	95485	
SPL	INVOICE	12/27/2021	H2	Sales Income	154	0.0	95485	0.05	0.0	
ENDTRNS	
TRNS	INVOICE	12/27/2021	Truck: 154wram/t	Accounts Receivable	154	0	95486	
SPL	INVOICE	12/27/2021	I-2	Sales Income	154	0.0	95486	0.31	0.0	
ENDTRNS	
TRNS	INVOICE	12/27/2021	Truck: 154s1250/	Accounts Receivable	154	0	95487	
SPL	INVOICE	12/27/2021	H2	Sales Income	154	0.0	95487	0.52	0.0	
ENDTRNS	
TRNS	INVOICE	12/27/2021	Truck: 154ssier/t	Accounts Receivable	182	9.58	95488	
SPL	INVOICE	12/27/2021	DC	Sales Income	182	-9.58	95488	0.21	45.62	
ENDTRNS	
TRNS	INVOICE	12/27/2021	Truck: 154bram	Accounts Receivable	154	0	95490	
SPL	INVOICE	12/27/2021	H2	Sales Income	154	0.0	95490	0.04	0.0	
ENDTRNS	
TRNS	INVOICE	12/27/2021	Truck: 1 2 3	Accounts Receivable	154	0	95491	
SPL	INVOICE	12/27/2021	H-2	Sales Income	154	0.0	95491	1.88	0.0	
ENDTRNS	
TRNS	INVOICE	12/27/2021	Truck: 154gsuv	Accounts Receivable	154	0	95492	
SPL	INVOICE	12/27/2021	H2	Sales Income	154	0.0	95492	0.05	0.0	
ENDTRNS	
TRNS	INVOICE	12/27/2021	Truck: 182davis	Accounts Receivable	182	184.68	95493	
SPL	INVOICE	12/27/2021	DC	Sales Income	182	-184.68	95493	4.05	45.6	
ENDTRNS	
TRNS	INVOICE	12/27/2021	Truck: 154rf350	Accounts Receivable	154	0	95494	
SPL	INVOICE	12/27/2021	H2	Sales Income	154	0.0	95494	0.06	0.0	
ENDTRNS	
TRNS	INVOICE	12/27/2021	Truck: 1924	Accounts Receivable	162	0	95495	
SPL	INVOICE	12/27/2021	H-2	Sales Income	162	0.0	95495	6.71	0.0	
ENDTRNS	
TRNS	INVOICE	12/27/2021	Truck: 154wcz71/	Accounts Receivable	154	0	95496	
SPL	INVOICE	12/27/2021	H2	Sales Income	154	0.0	95496	0.19	0.0	
ENDTRNS	
TRNS	INVOICE	12/27/2021	Truck: 1905	Accounts Receivable	162	0	95497	
SPL	INVOICE	12/27/2021	H-2	Sales Income	162	0.0	95497	8.29	0.0	
ENDTRNS	
TRNS	INVOICE	12/27/2021	Truck: 1904	Accounts Receivable	162	0	95498	
SPL	INVOICE	12/27/2021	H-2	Sales Income	162	0.0	95498	8.77	0.0	
ENDTRNS	
TRNS	INVOICE	12/27/2021	Truck: 154wram	Accounts Receivable	154	0	95500	
SPL	INVOICE	12/27/2021	H2	Sales Income	154	0.0	95500	0.09	0.0	
ENDTRNS	
TRNS	INVOICE	12/27/2021	Truck: 154rram	Accounts Receivable	154	0	95501	
SPL	INVOICE	12/27/2021	H2	Sales Income	154	0.0	95501	0.06	0.0	
ENDTRNS	
TRNS	INVOICE	12/27/2021	Truck: 154gf150	Accounts Receivable	154	0	95502	
SPL	INVOICE	12/27/2021	H2	Sales Income	154	0.0	95502	0.11	0.0	
ENDTRNS	
TRNS	INVOICE	12/27/2021	Truck: 154wz71	Accounts Receivable	154	0	95503	
SPL	INVOICE	12/27/2021	H2	Sales Income	154	0.0	95503	0.05	0.0	
ENDTRNS	
TRNS	INVOICE	12/27/2021	Truck: 154btac	Accounts Receivable	154	0	95504	
SPL	INVOICE	12/27/2021	I-2	Sales Income	154	0.0	95504	0.34	0.0	
ENDTRNS	
TRNS	INVOICE	12/27/2021	Truck: 154gram350	Accounts Receivable	154	0	95505	
SPL	INVOICE	12/27/2021	H2	Sales Income	154	0.0	95505	0.1	0.0	
ENDTRNS	
TRNS	INVOICE	12/27/2021	Truck: 154gram	Accounts Receivable	154	0	95506	
SPL	INVOICE	12/27/2021	H2	Sales Income	154	0.0	95506	0.07	0.0	
ENDTRNS	
TRNS	INVOICE	12/27/2021	Truck: 182mitchum	Accounts Receivable	154	6.48	95507	
SPL	INVOICE	12/27/2021	I-1	Sales Income	154	-6.48	95507	0.36	18.0	
ENDTRNS	
TRNS	INVOICE	12/27/2021	Truck: 154wf250	Accounts Receivable	154	0	95508	
SPL	INVOICE	12/27/2021	H2	Sales Income	154	0.0	95508	0.47	0.0	
ENDTRNS	
TRNS	INVOICE	12/27/2021	Truck: 1920	Accounts Receivable	162	0	95510	
SPL	INVOICE	12/27/2021	H-2	Sales Income	162	0.0	95510	8.71	0.0	
ENDTRNS	
TRNS	INVOICE	12/27/2021	Truck: 154wf150/t	Accounts Receivable	154	0	95511	
SPL	INVOICE	12/27/2021	W-2 (White Goods)	Sales Income	154	0.0	95511	0.17	0.0	
ENDTRNS	
TRNS	INVOICE	12/27/2021	Truck: 154rram	Accounts Receivable	154	0	95512	
SPL	INVOICE	12/27/2021	H2	Sales Income	154	0.0	95512	0.03	0.0	
ENDTRNS	
TRNS	INVOICE	12/27/2021	Truck: 154bmaz	Accounts Receivable	154	0	95513	
SPL	INVOICE	12/27/2021	H2	Sales Income	154	0.0	95513	0.03	0.0	
ENDTRNS	
TRNS	INVOICE	12/27/2021	Truck: 154wutil	Accounts Receivable	154	0	95514	
SPL	INVOICE	12/27/2021	H2	Sales Income	154	0.0	95514	0.04	0.0	
ENDTRNS	
TRNS	INVOICE	12/27/2021	Truck: 154gcs10/t	Accounts Receivable	154	0	95515	
SPL	INVOICE	12/27/2021	H2	Sales Income	154	0.0	95515	0.57	0.0	
ENDTRNS	
TRNS	INVOICE	12/27/2021	Truck: 154mram150	Accounts Receivable	154	0	95516	
SPL	INVOICE	12/27/2021	H2	Sales Income	154	0.0	95516	0.2	0.0	
ENDTRNS	
TRNS	INVOICE	12/27/2021	Truck: 154bram	Accounts Receivable	154	0	95517	
SPL	INVOICE	12/27/2021	H2	Sales Income	154	0.0	95517	0.02	0.0	
ENDTRNS	
TRNS	INVOICE	12/27/2021	Truck: 154wram35/	Accounts Receivable	154	0	95518	
SPL	INVOICE	12/27/2021	H2	Sales Income	154	0.0	95518	0.87	0.0	
ENDTRNS	
TRNS	INVOICE	12/27/2021	Truck: 154	Accounts Receivable	236	0	95519	
SPL	INVOICE	12/27/2021	H2	Sales Income	236	0.0	95519	0.43	0.0	
ENDTRNS	
TRNS	INVOICE	12/27/2021	Truck: 154wf150	Accounts Receivable	154	0	95520	
SPL	INVOICE	12/27/2021	H2	Sales Income	154	0.0	95520	0.01	0.0	
ENDTRNS	
TRNS	INVOICE	12/27/2021	Truck: 154ggmc/	Accounts Receivable	154	0	95521	
SPL	INVOICE	12/27/2021	H2	Sales Income	154	0.0	95521	0.18	0.0	
ENDTRNS	
TRNS	INVOICE	12/27/2021	Truck: 154bram150	Accounts Receivable	154	0	95522	
SPL	INVOICE	12/27/2021	H2	Sales Income	154	0.0	95522	0.03	0.0	
ENDTRNS	
TRNS	INVOICE	12/27/2021	Truck: 1902	Accounts Receivable	162	0	95523	
SPL	INVOICE	12/27/2021	H-2	Sales Income	162	0.0	95523	6.3	0.0	
ENDTRNS	
TRNS	INVOICE	12/27/2021	Truck: 1924	Accounts Receivable	162	0	95524	
SPL	INVOICE	12/27/2021	H-2	Sales Income	162	0.0	95524	1.62	0.0	
ENDTRNS	
TRNS	INVOICE	12/27/2021	Truck: 154wcsilve	Accounts Receivable	154	0	95525	
SPL	INVOICE	12/27/2021	H2	Sales Income	154	0.0	95525	0.35	0.0	
ENDTRNS	
TRNS	INVOICE	12/27/2021	Truck: 154wf350/t	Accounts Receivable	154	0	95526	
SPL	INVOICE	12/27/2021	H2	Sales Income	154	0.0	95526	0.28	0.0	
ENDTRNS	
TRNS	INVOICE	12/27/2021	Truck: 154suv/	Accounts Receivable	154	0	95527	
SPL	INVOICE	12/27/2021	H2	Sales Income	154	0.0	95527	0.29	0.0	
ENDTRNS	
TRNS	INVOICE	12/27/2021	Truck: 154gf350	Accounts Receivable	154	0	95528	
SPL	INVOICE	12/27/2021	H2	Sales Income	154	0.0	95528	0.04	0.0	
ENDTRNS	
TRNS	INVOICE	12/27/2021	Truck: 154btun	Accounts Receivable	154	0	95530	
SPL	INVOICE	12/27/2021	H2	Sales Income	154	0.0	95530	0.05	0.0	
ENDTRNS	
TRNS	INVOICE	12/27/2021	Truck: 154wc1500	Accounts Receivable	154	0	95531	
SPL	INVOICE	12/27/2021	H2	Sales Income	154	0.0	95531	0.11	0.0	
ENDTRNS	
TRNS	INVOICE	12/27/2021	Truck: 154bf4x4	Accounts Receivable	154	0	95532	
SPL	INVOICE	12/27/2021	H2	Sales Income	154	0.0	95532	0.1	0.0	
ENDTRNS	
TRNS	INVOICE	12/27/2021	Truck: 154gtund/	Accounts Receivable	154	0	95533	
SPL	INVOICE	12/27/2021	H2	Sales Income	154	0.0	95533	0.61	0.0	
ENDTRNS	
TRNS	INVOICE	12/27/2021	Truck: 154gf150	Accounts Receivable	154	0	95534	
SPL	INVOICE	12/27/2021	I-2	Sales Income	154	0.0	95534	0.06	0.0	
ENDTRNS	
TRNS	INVOICE	12/27/2021	Truck: 154bava	Accounts Receivable	154	0	95535	
SPL	INVOICE	12/27/2021	H2	Sales Income	154	0.0	95535	0.03	0.0	
ENDTRNS	
TRNS	INVOICE	12/27/2021	Truck: 1904	Accounts Receivable	162	0	95536	
SPL	INVOICE	12/27/2021	H-2	Sales Income	162	0.0	95536	2.02	0.0	
ENDTRNS	
TRNS	INVOICE	12/27/2021	Truck: 1925	Accounts Receivable	162	0	95537	
SPL	INVOICE	12/27/2021	H-2	Sales Income	162	0.0	95537	9.8	0.0	
ENDTRNS	
TRNS	INVOICE	12/27/2021	Truck: 1905	Accounts Receivable	162	0	95538	
SPL	INVOICE	12/27/2021	H-2	Sales Income	162	0.0	95538	2.37	0.0	
ENDTRNS	
TRNS	INVOICE	12/27/2021	Truck: 154rram	Accounts Receivable	154	0	95539	
SPL	INVOICE	12/27/2021	H2	Sales Income	154	0.0	95539	0.05	0.0	
ENDTRNS	
TRNS	INVOICE	12/27/2021	Truck: 1903	Accounts Receivable	162	0	95540	
SPL	INVOICE	12/27/2021	H-2	Sales Income	162	0.0	95540	11.26	0.0	
ENDTRNS	
TRNS	INVOICE	12/27/2021	Truck: 154gtac	Accounts Receivable	154	0	95541	
SPL	INVOICE	12/27/2021	I-2	Sales Income	154	0.0	95541	0.15	0.0	
ENDTRNS	
TRNS	INVOICE	12/27/2021	Truck: 154bcz71	Accounts Receivable	154	0	95542	
SPL	INVOICE	12/27/2021	H2	Sales Income	154	0.0	95542	0.01	0.0	
ENDTRNS	
TRNS	INVOICE	12/27/2021	Truck: 154btoy	Accounts Receivable	154	0	95543	
SPL	INVOICE	12/27/2021	H2	Sales Income	154	0.0	95543	0.05	0.0	
ENDTRNS	
TRNS	INVOICE	12/27/2021	Truck: 154bche	Accounts Receivable	154	0	95544	
SPL	INVOICE	12/27/2021	H2	Sales Income	154	0.0	95544	0.18	0.0	
ENDTRNS	
TRNS	INVOICE	12/27/2021	Truck: 154scolo	Accounts Receivable	154	0	95545	
SPL	INVOICE	12/27/2021	H2	Sales Income	154	0.0	95545	0.07	0.0	
ENDTRNS	
TRNS	INVOICE	12/27/2021	Truck: 154rtund	Accounts Receivable	154	0	95547	
SPL	INVOICE	12/27/2021	H2	Sales Income	154	0.0	95547	0.02	0.0	
ENDTRNS	
TRNS	INVOICE	12/27/2021	Truck: 154btun/t	Accounts Receivable	154	0	95548	
SPL	INVOICE	12/27/2021	I-2	Sales Income	154	0.0	95548	1.27	0.0	
ENDTRNS	
TRNS	INVOICE	12/27/2021	Truck: 154rhemi	Accounts Receivable	154	0	95549	
SPL	INVOICE	12/27/2021	H2	Sales Income	154	0.0	95549	0.19	0.0	
ENDTRNS	
TRNS	INVOICE	12/27/2021	Truck: 154mc1500	Accounts Receivable	154	0	95550	
SPL	INVOICE	12/27/2021	H2	Sales Income	154	0.0	95550	0.03	0.0	
ENDTRNS	
TRNS	INVOICE	12/27/2021	Truck: 154bf350/t	Accounts Receivable	154	0	95551	
SPL	INVOICE	12/27/2021	H2	Sales Income	154	0.0	95551	0.54	0.0	
ENDTRNS	
TRNS	INVOICE	12/27/2021	Truck: 154msuv	Accounts Receivable	154	0	95552	
SPL	INVOICE	12/27/2021	H2	Sales Income	154	0.0	95552	0.01	0.0	
ENDTRNS	
TRNS	INVOICE	12/27/2021	Truck: 154rcsil/t	Accounts Receivable	154	0	95553	
SPL	INVOICE	12/27/2021	H2	Sales Income	154	0.0	95553	0.44	0.0	
ENDTRNS	
TRNS	INVOICE	12/27/2021	Truck: 1907	Accounts Receivable	162	0	95554	
SPL	INVOICE	12/27/2021	H-2	Sales Income	162	0.0	95554	8.29	0.0	
ENDTRNS	
TRNS	INVOICE	12/27/2021	Truck: 154bf150	Accounts Receivable	154	0	95556	
SPL	INVOICE	12/27/2021	H2	Sales Income	154	0.0	95556	0.01	0.0	
ENDTRNS	
TRNS	INVOICE	12/27/2021	Truck: 1921-O	Accounts Receivable	162	0	95557	
SPL	INVOICE	12/27/2021	H-2	Sales Income	162	0.0	95557	2.26	0.0	
ENDTRNS	
TRNS	INVOICE	12/27/2021	Truck: 154wcsilv	Accounts Receivable	154	0	95558	
SPL	INVOICE	12/27/2021	H2	Sales Income	154	0.0	95558	0.03	0.0	
ENDTRNS	
TRNS	INVOICE	12/27/2021	Truck: 182mitchum	Accounts Receivable	182	5.22	95559	
SPL	INVOICE	12/27/2021	I-1	Sales Income	182	-5.22	95559	0.29	18.0	
ENDTRNS	
TRNS	INVOICE	12/27/2021	Truck: 154tf150/	Accounts Receivable	154	0	95560	
SPL	INVOICE	12/27/2021	H2	Sales Income	154	0.0	95560	0.34	0.0	
ENDTRNS	
TRNS	INVOICE	12/27/2021	Truck: 154wsuv/t	Accounts Receivable	154	0	95561	
SPL	INVOICE	12/27/2021	H2	Sales Income	154	0.0	95561	0.1	0.0	
ENDTRNS	
TRNS	INVOICE	12/27/2021	Truck: 154bram150	Accounts Receivable	154	0	95562	
SPL	INVOICE	12/27/2021	H2	Sales Income	154	0.0	95562	0.1	0.0	
ENDTRNS	
TRNS	INVOICE	12/27/2021	Truck: 154wutil	Accounts Receivable	154	0	95563	
SPL	INVOICE	12/27/2021	H2	Sales Income	154	0.0	95563	0.11	0.0	
ENDTRNS	
TRNS	INVOICE	12/27/2021	Truck: 154wd/t	Accounts Receivable	154	0	95564	
SPL	INVOICE	12/27/2021	H2	Sales Income	154	0.0	95564	1.92	0.0	
ENDTRNS	
TRNS	INVOICE	12/27/2021	Truck: 154bc150	Accounts Receivable	154	0	95565	
SPL	INVOICE	12/27/2021	H2	Sales Income	154	0.0	95565	0.06	0.0	
ENDTRNS	
TRNS	INVOICE	12/27/2021	Truck: 154rccolor	Accounts Receivable	154	0	95566	
SPL	INVOICE	12/27/2021	H2	Sales Income	154	0.0	95566	0.03	0.0	
ENDTRNS	
TRNS	INVOICE	12/27/2021	Truck: 154btac	Accounts Receivable	154	0	95567	
SPL	INVOICE	12/27/2021	H2	Sales Income	154	0.0	95567	0.03	0.0	
ENDTRNS	
TRNS	INVOICE	12/27/2021	Truck: 154sram	Accounts Receivable	154	0	95568	
SPL	INVOICE	12/27/2021	H2	Sales Income	154	0.0	95568	0.09	0.0	
ENDTRNS	
TRNS	INVOICE	12/27/2021	Truck: 1923	Accounts Receivable	162	0	95569	
SPL	INVOICE	12/27/2021	H-2	Sales Income	162	0.0	95569	6.09	0.0	
ENDTRNS	
TRNS	INVOICE	12/27/2021	Truck: 154bram	Accounts Receivable	154	0	95570	
SPL	INVOICE	12/27/2021	H2	Sales Income	154	0.0	95570	0.8	0.0	
ENDTRNS	
TRNS	INVOICE	12/27/2021	Truck: 1906	Accounts Receivable	162	0	95571	
SPL	INVOICE	12/27/2021	H-2	Sales Income	162	0.0	95571	8.7	0.0	
ENDTRNS	
TRNS	INVOICE	12/28/2021	Truck: 1001JCGCOM	Accounts Receivable	240	136.34	95572	
SPL	INVOICE	12/28/2021	H1	Sales Income	240	-136.34	95572	2.99	45.6	
ENDTRNS	
TRNS	INVOICE	12/28/2021	Truck: 154rf150	Accounts Receivable	154	0	95573	
SPL	INVOICE	12/28/2021	H2	Sales Income	154	0.0	95573	0.1	0.0	
ENDTRNS	
TRNS	INVOICE	12/28/2021	Truck: 154bcs10/t	Accounts Receivable	154	0	95574	
SPL	INVOICE	12/28/2021	H2	Sales Income	154	0.0	95574	0.2	0.0	
ENDTRNS	
TRNS	INVOICE	12/28/2021	Truck: 1133	Accounts Receivable	173	0	95575	
SPL	INVOICE	12/28/2021	H-3	Sales Income	173	0.0	95575	17.8	0.0	
ENDTRNS	
TRNS	INVOICE	12/28/2021	Truck: CoH2	Accounts Receivable	154	0	95576	
SPL	INVOICE	12/28/2021	I-2	Sales Income	154	0.0	95576	0.63	0.0	
ENDTRNS	
TRNS	INVOICE	12/28/2021	Truck: 154wf150	Accounts Receivable	154	0	95577	
SPL	INVOICE	12/28/2021	H2	Sales Income	154	0.0	95577	0.07	0.0	
ENDTRNS	
TRNS	INVOICE	12/28/2021	Truck: 154bram	Accounts Receivable	182	25.99	95578	
SPL	INVOICE	12/28/2021	DC	Sales Income	182	-25.99	95578	0.57	45.6	
ENDTRNS	
TRNS	INVOICE	12/28/2021	Truck: 154unitdis	Accounts Receivable	154	0	95579	
SPL	INVOICE	12/28/2021	H2	Sales Income	154	0.0	95579	0.1	0.0	
ENDTRNS	
TRNS	INVOICE	12/28/2021	Truck: 154sf150	Accounts Receivable	182	15.05	95580	
SPL	INVOICE	12/28/2021	DC	Sales Income	182	-15.05	95580	0.33	45.61	
ENDTRNS	
TRNS	INVOICE	12/28/2021	Truck: 154stund	Accounts Receivable	154	0	95581	
SPL	INVOICE	12/28/2021	W-2 (White Goods)	Sales Income	154	0.0	95581	0.09	0.0	
ENDTRNS	
TRNS	INVOICE	12/28/2021	Truck: 154g4x4	Accounts Receivable	154	0	95582	
SPL	INVOICE	12/28/2021	H2	Sales Income	154	0.0	95582	0.09	0.0	
ENDTRNS	
TRNS	INVOICE	12/28/2021	Truck: Renne's 94	Accounts Receivable	194	28.27	95583	
SPL	INVOICE	12/28/2021	H1	Sales Income	194	-28.27	95583	0.62	45.6	
ENDTRNS	
TRNS	INVOICE	12/28/2021	Truck: 154rtac	Accounts Receivable	154	0	95584	
SPL	INVOICE	12/28/2021	H2	Sales Income	154	0.0	95584	0.08	0.0	
ENDTRNS	
TRNS	INVOICE	12/28/2021	Truck: 154sf250/t	Accounts Receivable	154	0	95585	
SPL	INVOICE	12/28/2021	H2	Sales Income	154	0.0	95585	0.32	0.0	
ENDTRNS	
TRNS	INVOICE	12/28/2021	Truck: 405-1489	Accounts Receivable	150	0	95586	
SPL	INVOICE	12/28/2021	I-2	Sales Income	150	0.0	95586	0.19	0.0	
ENDTRNS	
TRNS	INVOICE	12/28/2021	Truck: CoH2	Accounts Receivable	154	0	95587	
SPL	INVOICE	12/28/2021	I-2	Sales Income	154	0.0	95587	0.35	0.0	
ENDTRNS	
TRNS	INVOICE	12/28/2021	Truck: 154rf250/t	Accounts Receivable	154	0	95588	
SPL	INVOICE	12/28/2021	I-2	Sales Income	154	0.0	95588	1.13	0.0	
ENDTRNS	
TRNS	INVOICE	12/28/2021	Truck: 154wf180	Accounts Receivable	154	0	95589	
SPL	INVOICE	12/28/2021	H2	Sales Income	154	0.0	95589	0.02	0.0	
ENDTRNS	
TRNS	INVOICE	12/28/2021	Truck: 154bf250/	Accounts Receivable	182	44.69	95590	
SPL	INVOICE	12/28/2021	DC	Sales Income	182	-44.69	95590	0.98	45.6	
ENDTRNS	
TRNS	INVOICE	12/28/2021	Truck: 1924	Accounts Receivable	162	0	95591	
SPL	INVOICE	12/28/2021	H-2	Sales Income	162	0.0	95591	3.85	0.0	
ENDTRNS	
TRNS	INVOICE	12/28/2021	Truck: 154sf150	Accounts Receivable	154	0	95592	
SPL	INVOICE	12/28/2021	H2	Sales Income	154	0.0	95592	0.02	0.0	
ENDTRNS	
TRNS	INVOICE	12/28/2021	Truck: 154wram/	Accounts Receivable	154	0	95593	
SPL	INVOICE	12/28/2021	I-2	Sales Income	154	0.0	95593	0.26	0.0	
ENDTRNS	
TRNS	INVOICE	12/28/2021	Truck: 154gtah/t	Accounts Receivable	154	0	95594	
SPL	INVOICE	12/28/2021	H2	Sales Income	154	0.0	95594	0.42	0.0	
ENDTRNS	
TRNS	INVOICE	12/28/2021	Truck: 1904	Accounts Receivable	162	0	95595	
SPL	INVOICE	12/28/2021	H-2	Sales Income	162	0.0	95595	6.27	0.0	
ENDTRNS	
TRNS	INVOICE	12/28/2021	Truck: 154mc1500/	Accounts Receivable	154	0	95596	
SPL	INVOICE	12/28/2021	I-2	Sales Income	154	0.0	95596	0.68	0.0	
ENDTRNS	
TRNS	INVOICE	12/28/2021	Truck: 154bgmcsi	Accounts Receivable	154	0	95597	
SPL	INVOICE	12/28/2021	H2	Sales Income	154	0.0	95597	0.11	0.0	
ENDTRNS	
TRNS	INVOICE	12/28/2021	Truck: 154stac	Accounts Receivable	154	0	95598	
SPL	INVOICE	12/28/2021	I-2	Sales Income	154	0.0	95598	0.16	0.0	
ENDTRNS	
TRNS	INVOICE	12/28/2021	Truck: 154ggmc	Accounts Receivable	154	0	95599	
SPL	INVOICE	12/28/2021	I-2	Sales Income	154	0.0	95599	0.2	0.0	
ENDTRNS	
TRNS	INVOICE	12/28/2021	Truck: 154junk/t	Accounts Receivable	154	0	95600	
SPL	INVOICE	12/28/2021	H2	Sales Income	154	0.0	95600	0.36	0.0	
ENDTRNS	
TRNS	INVOICE	12/28/2021	Truck: 154shilo	Accounts Receivable	154	0	95601	
SPL	INVOICE	12/28/2021	I-2	Sales Income	154	0.0	95601	0.94	0.0	
ENDTRNS	
TRNS	INVOICE	12/28/2021	Truck: 154sramh/t	Accounts Receivable	154	0	95602	
SPL	INVOICE	12/28/2021	H2	Sales Income	154	0.0	95602	0.55	0.0	
ENDTRNS	
TRNS	INVOICE	12/28/2021	Truck: 154wram35/	Accounts Receivable	154	0	95603	
SPL	INVOICE	12/28/2021	H2	Sales Income	154	0.0	95603	0.48	0.0	
ENDTRNS	
TRNS	INVOICE	12/28/2021	Truck: 154wsuv	Accounts Receivable	154	0	95604	
SPL	INVOICE	12/28/2021	H2	Sales Income	154	0.0	95604	0.21	0.0	
ENDTRNS	
TRNS	INVOICE	12/28/2021	Truck: 154wf350	Accounts Receivable	154	0	95605	
SPL	INVOICE	12/28/2021	H2	Sales Income	154	0.0	95605	0.04	0.0	
ENDTRNS	
TRNS	INVOICE	12/28/2021	Truck: 1923	Accounts Receivable	162	0	95606	
SPL	INVOICE	12/28/2021	H-2	Sales Income	162	0.0	95606	6.43	0.0	
ENDTRNS	
TRNS	INVOICE	12/28/2021	Truck: 1906	Accounts Receivable	162	0	95607	
SPL	INVOICE	12/28/2021	H-2	Sales Income	162	0.0	95607	5.29	0.0	
ENDTRNS	
TRNS	INVOICE	12/28/2021	Truck: 154bf150	Accounts Receivable	154	0	95608	
SPL	INVOICE	12/28/2021	H2	Sales Income	154	0.0	95608	0.06	0.0	
ENDTRNS	
TRNS	INVOICE	12/28/2021	Truck: 1133	Accounts Receivable	173	0	95609	
SPL	INVOICE	12/28/2021	H-3	Sales Income	173	0.0	95609	24.49	0.0	
ENDTRNS	
TRNS	INVOICE	12/28/2021	Truck: 154mcsilv/	Accounts Receivable	154	0	95610	
SPL	INVOICE	12/28/2021	H2	Sales Income	154	0.0	95610	0.35	0.0	
ENDTRNS	
TRNS	INVOICE	12/28/2021	Truck: 154sff150	Accounts Receivable	154	0	95611	
SPL	INVOICE	12/28/2021	H2	Sales Income	154	0.0	95611	0.09	0.0	
ENDTRNS	
TRNS	INVOICE	12/28/2021	Truck: 154tf150/	Accounts Receivable	154	0	95612	
SPL	INVOICE	12/28/2021	H2	Sales Income	154	0.0	95612	0.22	0.0	
ENDTRNS	
TRNS	INVOICE	12/28/2021	Truck: 154bf150	Accounts Receivable	154	0	95613	
SPL	INVOICE	12/28/2021	H2	Sales Income	154	0.0	95613	0.12	0.0	
ENDTRNS	
TRNS	INVOICE	12/28/2021	Truck: 1920	Accounts Receivable	162	0	95614	
SPL	INVOICE	12/28/2021	H-2	Sales Income	162	0.0	95614	6.71	0.0	
ENDTRNS	
TRNS	INVOICE	12/28/2021	Truck: 154wram150	Accounts Receivable	154	0	95615	
SPL	INVOICE	12/28/2021	W-2 (White Goods)	Sales Income	154	0.0	95615	0.32	0.0	
ENDTRNS	
TRNS	INVOICE	12/28/2021	Truck: 154bfrang	Accounts Receivable	154	0	95616	
SPL	INVOICE	12/28/2021	H2	Sales Income	154	0.0	95616	0.21	0.0	
ENDTRNS	
TRNS	INVOICE	12/28/2021	Truck: 154bc1500/	Accounts Receivable	154	0	95617	
SPL	INVOICE	12/28/2021	H2	Sales Income	154	0.0	95617	0.32	0.0	
ENDTRNS	
TRNS	INVOICE	12/28/2021	Truck: 154gtac	Accounts Receivable	154	0	95618	
SPL	INVOICE	12/28/2021	I-2	Sales Income	154	0.0	95618	0.19	0.0	
ENDTRNS	
TRNS	INVOICE	12/28/2021	Truck: 154rtac	Accounts Receivable	154	0	95619	
SPL	INVOICE	12/28/2021	H2	Sales Income	154	0.0	95619	0.13	0.0	
ENDTRNS	
TRNS	INVOICE	12/28/2021	Truck: 154ggmc/	Accounts Receivable	182	15.96	95620	
SPL	INVOICE	12/28/2021	DC	Sales Income	182	-15.96	95620	0.35	45.6	
ENDTRNS	
TRNS	INVOICE	12/28/2021	Truck: 154bf150/	Accounts Receivable	154	0	95621	
SPL	INVOICE	12/28/2021	I-2	Sales Income	154	0.0	95621	0.1	0.0	
ENDTRNS	
TRNS	INVOICE	12/28/2021	Truck: 154wgmc	Accounts Receivable	154	0	95622	
SPL	INVOICE	12/28/2021	H2	Sales Income	154	0.0	95622	0.15	0.0	
ENDTRNS	
TRNS	INVOICE	12/28/2021	Truck: 154wsuv	Accounts Receivable	154	0	95623	
SPL	INVOICE	12/28/2021	H2	Sales Income	154	0.0	95623	0.03	0.0	
ENDTRNS	
TRNS	INVOICE	12/28/2021	Truck: 154bram150	Accounts Receivable	154	0	95624	
SPL	INVOICE	12/28/2021	H2	Sales Income	154	0.0	95624	0.05	0.0	
ENDTRNS	
TRNS	INVOICE	12/28/2021	Truck: 154blram	Accounts Receivable	154	0	95625	
SPL	INVOICE	12/28/2021	H2	Sales Income	154	0.0	95625	0.08	0.0	
ENDTRNS	
TRNS	INVOICE	12/28/2021	Truck: 238	Accounts Receivable	238	49.25	95626	
SPL	INVOICE	12/28/2021	DC	Sales Income	238	-49.25	95626	1.08	45.6	
ENDTRNS	
TRNS	INVOICE	12/28/2021	Truck: 1905	Accounts Receivable	162	0	95627	
SPL	INVOICE	12/28/2021	H-2	Sales Income	162	0.0	95627	8.53	0.0	
ENDTRNS	
TRNS	INVOICE	12/28/2021	Truck: 1925	Accounts Receivable	162	0	95628	
SPL	INVOICE	12/28/2021	H-2	Sales Income	162	0.0	95628	8.7	0.0	
ENDTRNS	
TRNS	INVOICE	12/28/2021	Truck: 154stac	Accounts Receivable	154	0	95629	
SPL	INVOICE	12/28/2021	H2	Sales Income	154	0.0	95629	0.05	0.0	
ENDTRNS	
TRNS	INVOICE	12/28/2021	Truck: 154ttund	Accounts Receivable	154	0	95630	
SPL	INVOICE	12/28/2021	H2	Sales Income	154	0.0	95630	0.07	0.0	
ENDTRNS	
TRNS	INVOICE	12/28/2021	Truck: 154w2500hd	Accounts Receivable	154	0	95631	
SPL	INVOICE	12/28/2021	H2	Sales Income	154	0.0	95631	0.16	0.0	
ENDTRNS	
TRNS	INVOICE	12/28/2021	Truck: 154gf1504x	Accounts Receivable	182	15.96	95632	
SPL	INVOICE	12/28/2021	DC	Sales Income	182	-15.96	95632	0.35	45.6	
ENDTRNS	
TRNS	INVOICE	12/28/2021	Truck: 1902	Accounts Receivable	162	0	95633	
SPL	INVOICE	12/28/2021	H-2	Sales Income	162	0.0	95633	10.67	0.0	
ENDTRNS	
TRNS	INVOICE	12/28/2021	Truck: 154bc1500	Accounts Receivable	154	0	95634	
SPL	INVOICE	12/28/2021	H2	Sales Income	154	0.0	95634	0.03	0.0	
ENDTRNS	
TRNS	INVOICE	12/28/2021	Truck: 1907	Accounts Receivable	162	0	95635	
SPL	INVOICE	12/28/2021	H-2	Sales Income	162	0.0	95635	11.64	0.0	
ENDTRNS	
TRNS	INVOICE	12/28/2021	Truck: 1903	Accounts Receivable	162	0	95636	
SPL	INVOICE	12/28/2021	H-2	Sales Income	162	0.0	95636	9.57	0.0	
ENDTRNS	
TRNS	INVOICE	12/28/2021	Truck: 154bf150	Accounts Receivable	154	0	95637	
SPL	INVOICE	12/28/2021	H2	Sales Income	154	0.0	95637	0.02	0.0	
ENDTRNS	
TRNS	INVOICE	12/28/2021	Truck: 154bccolo	Accounts Receivable	154	0	95638	
SPL	INVOICE	12/28/2021	H2	Sales Income	154	0.0	95638	0.15	0.0	
ENDTRNS	
TRNS	INVOICE	12/28/2021	Truck: 154tfran	Accounts Receivable	154	0	95639	
SPL	INVOICE	12/28/2021	H2	Sales Income	154	0.0	95639	0.01	0.0	
ENDTRNS	
TRNS	INVOICE	12/28/2021	Truck: 154wtac	Accounts Receivable	154	0	95640	
SPL	INVOICE	12/28/2021	H2	Sales Income	154	0.0	95640	0.03	0.0	
ENDTRNS	
TRNS	INVOICE	12/28/2021	Truck: 154tf150/t	Accounts Receivable	154	0	95641	
SPL	INVOICE	12/28/2021	H2	Sales Income	154	0.0	95641	0.38	0.0	
ENDTRNS	
TRNS	INVOICE	12/28/2021	Truck: 154bcsilv	Accounts Receivable	154	0	95642	
SPL	INVOICE	12/28/2021	H2	Sales Income	154	0.0	95642	0.01	0.0	
ENDTRNS	
TRNS	INVOICE	12/28/2021	Truck: CoH2	Accounts Receivable	154	0	95643	
SPL	INVOICE	12/28/2021	I-2	Sales Income	154	0.0	95643	0.73	0.0	
ENDTRNS	
TRNS	INVOICE	12/28/2021	Truck: 154sf350/t	Accounts Receivable	154	0	95644	
SPL	INVOICE	12/28/2021	H2	Sales Income	154	0.0	95644	0.5	0.0	
ENDTRNS	
TRNS	INVOICE	12/28/2021	Truck: 154bjeep	Accounts Receivable	154	0	95645	
SPL	INVOICE	12/28/2021	H2	Sales Income	154	0.0	95645	0.1	0.0	
ENDTRNS	
TRNS	INVOICE	12/28/2021	Truck: 154bf150	Accounts Receivable	154	0	95646	
SPL	INVOICE	12/28/2021	H2	Sales Income	154	0.0	95646	0.17	0.0	
ENDTRNS	
TRNS	INVOICE	12/28/2021	Truck: 154befd	Accounts Receivable	154	0	95647	
SPL	INVOICE	12/28/2021	H2	Sales Income	154	0.0	95647	0.47	0.0	
ENDTRNS	
TRNS	INVOICE	12/28/2021	Truck: 154ttund	Accounts Receivable	154	0	95648	
SPL	INVOICE	12/28/2021	H2	Sales Income	154	0.0	95648	0.01	0.0	
ENDTRNS	
TRNS	INVOICE	12/28/2021	Truck: 154bf150	Accounts Receivable	154	0	95649	
SPL	INVOICE	12/28/2021	H2	Sales Income	154	0.0	95649	0.34	0.0	
ENDTRNS	
TRNS	INVOICE	12/28/2021	Truck: 154wgmc	Accounts Receivable	154	0	95650	
SPL	INVOICE	12/28/2021	H2	Sales Income	154	0.0	95650	0.12	0.0	
ENDTRNS	
TRNS	INVOICE	12/28/2021	Truck: 154ggmc/	Accounts Receivable	154	0	95651	
SPL	INVOICE	12/28/2021	H2	Sales Income	154	0.0	95651	0.3	0.0	
ENDTRNS	
TRNS	INVOICE	12/28/2021	Truck: 154bsuv/t	Accounts Receivable	154	0	95652	
SPL	INVOICE	12/28/2021	I-2	Sales Income	154	0.0	95652	0.68	0.0	
ENDTRNS	
TRNS	INVOICE	12/28/2021	Truck: 154wf250/	Accounts Receivable	120	19.15	95653	
SPL	INVOICE	12/28/2021	DC	Sales Income	120	-19.15	95653	0.42	45.6	
ENDTRNS	
TRNS	INVOICE	12/28/2021	Truck: 154sram250	Accounts Receivable	154	0	95654	
SPL	INVOICE	12/28/2021	H2	Sales Income	154	0.0	95654	0.07	0.0	
ENDTRNS	
TRNS	INVOICE	12/28/2021	Truck: 154rtac/t	Accounts Receivable	154	0	95655	
SPL	INVOICE	12/28/2021	H2	Sales Income	154	0.0	95655	0.32	0.0	
ENDTRNS	
TRNS	INVOICE	12/28/2021	Truck: 154bcls	Accounts Receivable	154	0	95656	
SPL	INVOICE	12/28/2021	H2	Sales Income	154	0.0	95656	0.05	0.0	
ENDTRNS	
TRNS	INVOICE	12/28/2021	Truck: 154wc2500/	Accounts Receivable	154	0	95657	
SPL	INVOICE	12/28/2021	H2	Sales Income	154	0.0	95657	0.52	0.0	
ENDTRNS	
TRNS	INVOICE	12/28/2021	Truck: 154mtac	Accounts Receivable	154	0	95658	
SPL	INVOICE	12/28/2021	H2	Sales Income	154	0.0	95658	0.08	0.0	
ENDTRNS	
TRNS	INVOICE	12/28/2021	Truck: 154wf150	Accounts Receivable	154	0	95659	
SPL	INVOICE	12/28/2021	H2	Sales Income	154	0.0	95659	0.1	0.0	
ENDTRNS	
TRNS	INVOICE	12/28/2021	Truck: CoH2	Accounts Receivable	154	0	95660	
SPL	INVOICE	12/28/2021	I-2	Sales Income	154	0.0	95660	0.46	0.0	
ENDTRNS	
TRNS	INVOICE	12/28/2021	Truck: 154bsuv	Accounts Receivable	154	0	95661	
SPL	INVOICE	12/28/2021	H2	Sales Income	154	0.0	95661	0.08	0.0	
ENDTRNS	
TRNS	INVOICE	12/28/2021	Truck: 154btitan	Accounts Receivable	154	0	95662	
SPL	INVOICE	12/28/2021	H2	Sales Income	154	0.0	95662	0.04	0.0	
ENDTRNS	
TRNS	INVOICE	12/28/2021	Truck: 1133	Accounts Receivable	173	0	95663	
SPL	INVOICE	12/28/2021	H-3	Sales Income	173	0.0	95663	28.24	0.0	
ENDTRNS	
TRNS	INVOICE	12/28/2021	Truck: 1904	Accounts Receivable	162	0	95664	
SPL	INVOICE	12/28/2021	H-2	Sales Income	162	0.0	95664	6.98	0.0	
ENDTRNS	
TRNS	INVOICE	12/28/2021	Truck: 1905	Accounts Receivable	162	0	95665	
SPL	INVOICE	12/28/2021	H-2	Sales Income	162	0.0	95665	2.39	0.0	
ENDTRNS	
TRNS	INVOICE	12/28/2021	Truck: 154bvan/t	Accounts Receivable	154	0	95666	
SPL	INVOICE	12/28/2021	H2	Sales Income	154	0.0	95666	0.09	0.0	
ENDTRNS	
TRNS	INVOICE	12/28/2021	Truck: 1902	Accounts Receivable	162	0	95667	
SPL	INVOICE	12/28/2021	H-2	Sales Income	162	0.0	95667	1.73	0.0	
ENDTRNS	
TRNS	INVOICE	12/28/2021	Truck: 1924	Accounts Receivable	162	0	95668	
SPL	INVOICE	12/28/2021	H-2	Sales Income	162	0.0	95668	7.57	0.0	
ENDTRNS	
TRNS	INVOICE	12/28/2021	Truck: 1907	Accounts Receivable	162	0	95669	
SPL	INVOICE	12/28/2021	H-2	Sales Income	162	0.0	95669	2.25	0.0	
ENDTRNS	
TRNS	INVOICE	12/28/2021	Truck: 1925	Accounts Receivable	162	0	95670	
SPL	INVOICE	12/28/2021	H-2	Sales Income	162	0.0	95670	2.19	0.0	
ENDTRNS	
TRNS	INVOICE	12/28/2021	Truck: 1920	Accounts Receivable	162	0	95671	
SPL	INVOICE	12/28/2021	H-2	Sales Income	162	0.0	95671	3.63	0.0	
ENDTRNS	
TRNS	INVOICE	12/28/2021	Truck: 154wgmc	Accounts Receivable	154	0	95672	
SPL	INVOICE	12/28/2021	H2	Sales Income	154	0.0	95672	0.17	0.0	
ENDTRNS	
TRNS	INVOICE	12/28/2021	Truck: 154tccolo	Accounts Receivable	154	0	95673	
SPL	INVOICE	12/28/2021	H2	Sales Income	154	0.0	95673	0.07	0.0	
ENDTRNS	
TRNS	INVOICE	12/28/2021	Truck: 1903	Accounts Receivable	162	0	95674	
SPL	INVOICE	12/28/2021	H-2	Sales Income	162	0.0	95674	2.25	0.0	
ENDTRNS	
TRNS	INVOICE	12/28/2021	Truck: 1923	Accounts Receivable	162	0	95675	
SPL	INVOICE	12/28/2021	H-2	Sales Income	162	0.0	95675	7.89	0.0	
ENDTRNS	
TRNS	INVOICE	12/28/2021	Truck: 154rc1500	Accounts Receivable	154	0	95676	
SPL	INVOICE	12/28/2021	H2	Sales Income	154	0.0	95676	0.04	0.0	
ENDTRNS	
TRNS	INVOICE	12/28/2021	Truck: 154rfrang	Accounts Receivable	154	0	95677	
SPL	INVOICE	12/28/2021	H2	Sales Income	154	0.0	95677	0.13	0.0	
ENDTRNS	
TRNS	INVOICE	12/28/2021	Truck: 182davis	Accounts Receivable	182	59.28	95678	
SPL	INVOICE	12/28/2021	DC	Sales Income	182	-59.28	95678	1.3	45.6	
ENDTRNS	
TRNS	INVOICE	12/28/2021	Truck: 154sf150	Accounts Receivable	154	0	95679	
SPL	INVOICE	12/28/2021	H2	Sales Income	154	0.0	95679	0.08	0.0	
ENDTRNS	
TRNS	INVOICE	12/28/2021	Truck: 154bc1500	Accounts Receivable	182	56.09	95680	
SPL	INVOICE	12/28/2021	DC	Sales Income	182	-56.09	95680	1.23	45.6	
ENDTRNS	
TRNS	INVOICE	12/28/2021	Truck: 154stac/t	Accounts Receivable	154	0	95681	
SPL	INVOICE	12/28/2021	I-2	Sales Income	154	0.0	95681	0.22	0.0	
ENDTRNS	
TRNS	INVOICE	12/28/2021	Truck: 154bf150	Accounts Receivable	154	0	95682	
SPL	INVOICE	12/28/2021	H2	Sales Income	154	0.0	95682	0.25	0.0	
ENDTRNS	
TRNS	INVOICE	12/28/2021	Truck: 154bram150	Accounts Receivable	154	0	95684	
SPL	INVOICE	12/28/2021	H2	Sales Income	154	0.0	95684	0.04	0.0	
ENDTRNS	
TRNS	INVOICE	12/28/2021	Truck: 154sf150	Accounts Receivable	154	0	95685	
SPL	INVOICE	12/28/2021	H2	Sales Income	154	0.0	95685	0.06	0.0	
ENDTRNS	
TRNS	INVOICE	12/28/2021	Truck: 154wgmc/t	Accounts Receivable	154	0	95686	
SPL	INVOICE	12/28/2021	H2	Sales Income	154	0.0	95686	0.17	0.0	
ENDTRNS	
TRNS	INVOICE	12/29/2021	Truck: 2664	Accounts Receivable	173	0	95687	
SPL	INVOICE	12/29/2021	H-3	Sales Income	173	0.0	95687	29.44	0.0	
ENDTRNS	
TRNS	INVOICE	12/29/2021	Truck: 1706JCGcom	Accounts Receivable	240	103.97	95688	
SPL	INVOICE	12/29/2021	H1	Sales Income	240	-103.97	95688	2.28	45.6	
ENDTRNS	
TRNS	INVOICE	12/29/2021	Truck: 2137	Accounts Receivable	173	0	95689	
SPL	INVOICE	12/29/2021	H-3	Sales Income	173	0.0	95689	26.26	0.0	
ENDTRNS	
TRNS	INVOICE	12/29/2021	Truck: 1544x4	Accounts Receivable	154	0	95690	
SPL	INVOICE	12/29/2021	I-2	Sales Income	154	0.0	95690	0.82	0.0	
ENDTRNS	
TRNS	INVOICE	12/29/2021	Truck: 154van	Accounts Receivable	154	0	95691	
SPL	INVOICE	12/29/2021	H2	Sales Income	154	0.0	95691	0.03	0.0	
ENDTRNS	
TRNS	INVOICE	12/29/2021	Truck: Renee 2	Accounts Receivable	194	10.03	95692	
SPL	INVOICE	12/29/2021	H1	Sales Income	194	-10.03	95692	0.22	45.59	
ENDTRNS	
TRNS	INVOICE	12/29/2021	Truck: 2679	Accounts Receivable	173	0	95693	
SPL	INVOICE	12/29/2021	H-3	Sales Income	173	0.0	95693	25.3	0.0	
ENDTRNS	
TRNS	INVOICE	12/29/2021	Truck: 182	Accounts Receivable	182	7.75	95694	
SPL	INVOICE	12/29/2021	DC	Sales Income	182	-7.75	95694	0.17	45.59	
ENDTRNS	
TRNS	INVOICE	12/29/2021	Truck: 182silver	Accounts Receivable	182	22.8	95695	
SPL	INVOICE	12/29/2021	DC	Sales Income	182	-22.8	95695	0.5	45.6	
ENDTRNS	
TRNS	INVOICE	12/29/2021	Truck: 182junk	Accounts Receivable	182	45.14	95696	
SPL	INVOICE	12/29/2021	H1	Sales Income	182	-45.14	95696	0.99	45.6	
ENDTRNS	
TRNS	INVOICE	12/29/2021	Truck: CoH2	Accounts Receivable	154	0	95697	
SPL	INVOICE	12/29/2021	I-2	Sales Income	154	0.0	95697	0.56	0.0	
ENDTRNS	
TRNS	INVOICE	12/29/2021	Truck: 154tac	Accounts Receivable	154	0	95698	
SPL	INVOICE	12/29/2021	I-2	Sales Income	154	0.0	95698	0.06	0.0	
ENDTRNS	
TRNS	INVOICE	12/29/2021	Truck: 182w	Accounts Receivable	182	29.64	95699	
SPL	INVOICE	12/29/2021	DC	Sales Income	182	-29.64	95699	0.65	45.6	
ENDTRNS	
TRNS	INVOICE	12/29/2021	Truck: 1923	Accounts Receivable	162	0	95700	
SPL	INVOICE	12/29/2021	H-2	Sales Income	162	0.0	95700	6.42	0.0	
ENDTRNS	
TRNS	INVOICE	12/29/2021	Truck: 154col	Accounts Receivable	154	0	95701	
SPL	INVOICE	12/29/2021	H2	Sales Income	154	0.0	95701	0.15	0.0	
ENDTRNS	
TRNS	INVOICE	12/29/2021	Truck: 154dod	Accounts Receivable	154	0	95702	
SPL	INVOICE	12/29/2021	H2	Sales Income	154	0.0	95702	0.05	0.0	
ENDTRNS	
TRNS	INVOICE	12/29/2021	Truck: 154	Accounts Receivable	154	0	95703	
SPL	INVOICE	12/29/2021	H2	Sales Income	154	0.0	95703	0.14	0.0	
ENDTRNS	
TRNS	INVOICE	12/29/2021	Truck: 154metal	Accounts Receivable	247	0	95704	
SPL	INVOICE	12/29/2021	H-4	Sales Income	247	0.0	95704	5.6	0.0	
ENDTRNS	
TRNS	INVOICE	12/29/2021	Truck: 2679	Accounts Receivable	173	0	95705	
SPL	INVOICE	12/29/2021	H-3	Sales Income	173	0.0	95705	22.63	0.0	
ENDTRNS	
TRNS	INVOICE	12/29/2021	Truck: 154green	Accounts Receivable	154	0	95706	
SPL	INVOICE	12/29/2021	H2	Sales Income	154	0.0	95706	0.25	0.0	
ENDTRNS	
TRNS	INVOICE	12/29/2021	Truck: 154suv	Accounts Receivable	154	0	95707	
SPL	INVOICE	12/29/2021	H2	Sales Income	154	0.0	95707	0.6	0.0	
ENDTRNS	
TRNS	INVOICE	12/29/2021	Truck: 1925	Accounts Receivable	162	0	95708	
SPL	INVOICE	12/29/2021	H-2	Sales Income	162	0.0	95708	8.67	0.0	
ENDTRNS	
TRNS	INVOICE	12/29/2021	Truck: 2137	Accounts Receivable	173	0	95709	
SPL	INVOICE	12/29/2021	H-3	Sales Income	173	0.0	95709	28.05	0.0	
ENDTRNS	
TRNS	INVOICE	12/29/2021	Truck: 154ora	Accounts Receivable	154	0	95710	
SPL	INVOICE	12/29/2021	H2	Sales Income	154	0.0	95710	0.11	0.0	
ENDTRNS	
TRNS	INVOICE	12/29/2021	Truck: 1905	Accounts Receivable	162	0	95711	
SPL	INVOICE	12/29/2021	H-2	Sales Income	162	0.0	95711	8.91	0.0	
ENDTRNS	
TRNS	INVOICE	12/29/2021	Truck: 154blu	Accounts Receivable	154	0	95712	
SPL	INVOICE	12/29/2021	H2	Sales Income	154	0.0	95712	0.74	0.0	
ENDTRNS	
TRNS	INVOICE	12/29/2021	Truck: 154rx4	Accounts Receivable	154	0	95713	
SPL	INVOICE	12/29/2021	H2	Sales Income	154	0.0	95713	0.35	0.0	
ENDTRNS	
TRNS	INVOICE	12/29/2021	Truck: 154duel	Accounts Receivable	154	0	95714	
SPL	INVOICE	12/29/2021	H2	Sales Income	154	0.0	95714	0.17	0.0	
ENDTRNS	
TRNS	INVOICE	12/29/2021	Truck: 154wtahoe	Accounts Receivable	154	0	95715	
SPL	INVOICE	12/29/2021	H2	Sales Income	154	0.0	95715	0.22	0.0	
ENDTRNS	
TRNS	INVOICE	12/29/2021	Truck: 154goldtah	Accounts Receivable	154	0	95716	
SPL	INVOICE	12/29/2021	H2	Sales Income	154	0.0	95716	0.23	0.0	
ENDTRNS	
TRNS	INVOICE	12/29/2021	Truck: 154sierra	Accounts Receivable	154	0	95717	
SPL	INVOICE	12/29/2021	H2	Sales Income	154	0.0	95717	0.1	0.0	
ENDTRNS	
TRNS	INVOICE	12/29/2021	Truck: 154blktruc	Accounts Receivable	154	0	95718	
SPL	INVOICE	12/29/2021	H2	Sales Income	154	0.0	95718	0.17	0.0	
ENDTRNS	
TRNS	INVOICE	12/29/2021	Truck: 1905	Accounts Receivable	162	0	95719	
SPL	INVOICE	12/29/2021	H-2	Sales Income	162	0.0	95719	0.71	0.0	
ENDTRNS	
TRNS	INVOICE	12/29/2021	Truck: 1907	Accounts Receivable	162	0	95720	
SPL	INVOICE	12/29/2021	H-2	Sales Income	162	0.0	95720	11.49	0.0	
ENDTRNS	
TRNS	INVOICE	12/29/2021	Truck: 1924	Accounts Receivable	162	0	95721	
SPL	INVOICE	12/29/2021	H-2	Sales Income	162	0.0	95721	7.64	0.0	
ENDTRNS	
TRNS	INVOICE	12/29/2021	Truck: 154stit	Accounts Receivable	154	0	95722	
SPL	INVOICE	12/29/2021	H2	Sales Income	154	0.0	95722	0.04	0.0	
ENDTRNS	
TRNS	INVOICE	12/29/2021	Truck: 154rdram	Accounts Receivable	154	0	95723	
SPL	INVOICE	12/29/2021	H2	Sales Income	154	0.0	95723	0.4	0.0	
ENDTRNS	
TRNS	INVOICE	12/29/2021	Truck: 1924	Accounts Receivable	162	0	95724	
SPL	INVOICE	12/29/2021	H-2	Sales Income	162	0.0	95724	2.65	0.0	
ENDTRNS	
TRNS	INVOICE	12/29/2021	Truck: 154gr150	Accounts Receivable	154	0	95725	
SPL	INVOICE	12/29/2021	H2	Sales Income	154	0.0	95725	0.07	0.0	
ENDTRNS	
TRNS	INVOICE	12/29/2021	Truck: 154blkchev	Accounts Receivable	154	0	95726	
SPL	INVOICE	12/29/2021	H2	Sales Income	154	0.0	95726	0.04	0.0	
ENDTRNS	
TRNS	INVOICE	12/29/2021	Truck: 154bz71	Accounts Receivable	154	0	95727	
SPL	INVOICE	12/29/2021	H2	Sales Income	154	0.0	95727	0.06	0.0	
ENDTRNS	
TRNS	INVOICE	12/29/2021	Truck: 154wchev	Accounts Receivable	154	0	95728	
SPL	INVOICE	12/29/2021	I-2	Sales Income	154	0.0	95728	0.6	0.0	
ENDTRNS	
TRNS	INVOICE	12/29/2021	Truck: 154wtrd	Accounts Receivable	154	0	95729	
SPL	INVOICE	12/29/2021	H2	Sales Income	154	0.0	95729	0.45	0.0	
ENDTRNS	
TRNS	INVOICE	12/29/2021	Truck: 154gryram	Accounts Receivable	154	0	95730	
SPL	INVOICE	12/29/2021	H2	Sales Income	154	0.0	95730	0.22	0.0	
ENDTRNS	
TRNS	INVOICE	12/29/2021	Truck: 154wsport	Accounts Receivable	154	0	95731	
SPL	INVOICE	12/29/2021	H2	Sales Income	154	0.0	95731	0.01	0.0	
ENDTRNS	
TRNS	INVOICE	12/29/2021	Truck: 2679	Accounts Receivable	173	0	95732	
SPL	INVOICE	12/29/2021	H-3	Sales Income	173	0.0	95732	32.9	0.0	
ENDTRNS	
TRNS	INVOICE	12/29/2021	Truck: 154bchev	Accounts Receivable	154	0	95733	
SPL	INVOICE	12/29/2021	H2	Sales Income	154	0.0	95733	0.22	0.0	
ENDTRNS	
TRNS	INVOICE	12/29/2021	Truck: 154wfx4	Accounts Receivable	154	0	95734	
SPL	INVOICE	12/29/2021	H2	Sales Income	154	0.0	95734	0.03	0.0	
ENDTRNS	
TRNS	INVOICE	12/29/2021	Truck: 154bj	Accounts Receivable	154	0	95735	
SPL	INVOICE	12/29/2021	H2	Sales Income	154	0.0	95735	0.29	0.0	
ENDTRNS	
TRNS	INVOICE	12/29/2021	Truck: 154gtun	Accounts Receivable	154	0	95736	
SPL	INVOICE	12/29/2021	H2	Sales Income	154	0.0	95736	0.05	0.0	
ENDTRNS	
TRNS	INVOICE	12/29/2021	Truck: 154gtac	Accounts Receivable	154	0	95737	
SPL	INVOICE	12/29/2021	H2	Sales Income	154	0.0	95737	0.07	0.0	
ENDTRNS	
TRNS	INVOICE	12/29/2021	Truck: 154grfd	Accounts Receivable	154	0	95738	
SPL	INVOICE	12/29/2021	H2	Sales Income	154	0.0	95738	0.04	0.0	
ENDTRNS	
TRNS	INVOICE	12/29/2021	Truck: 154gfd	Accounts Receivable	154	0	95739	
SPL	INVOICE	12/29/2021	H2	Sales Income	154	0.0	95739	0.04	0.0	
ENDTRNS	
TRNS	INVOICE	12/29/2021	Truck: 1906	Accounts Receivable	162	0	95740	
SPL	INVOICE	12/29/2021	H-2	Sales Income	162	0.0	95740	13.31	0.0	
ENDTRNS	
TRNS	INVOICE	12/29/2021	Truck: 154b150	Accounts Receivable	154	0	95741	
SPL	INVOICE	12/29/2021	H2	Sales Income	154	0.0	95741	0.06	0.0	
ENDTRNS	
TRNS	INVOICE	12/29/2021	Truck: 154wsuv	Accounts Receivable	154	0	95742	
SPL	INVOICE	12/29/2021	H2	Sales Income	154	0.0	95742	0.08	0.0	
ENDTRNS	
TRNS	INVOICE	12/29/2021	Truck: 1923	Accounts Receivable	162	0	95743	
SPL	INVOICE	12/29/2021	H-2	Sales Income	162	0.0	95743	9.05	0.0	
ENDTRNS	
TRNS	INVOICE	12/29/2021	Truck: 154jeff	Accounts Receivable	154	0	95744	
SPL	INVOICE	12/29/2021	H2	Sales Income	154	0.0	95744	0.07	0.0	
ENDTRNS	
TRNS	INVOICE	12/29/2021	Truck: 154bus10	Accounts Receivable	154	0	95745	
SPL	INVOICE	12/29/2021	H2	Sales Income	154	0.0	95745	0.07	0.0	
ENDTRNS	
TRNS	INVOICE	12/29/2021	Truck: 154wtoy	Accounts Receivable	154	0	95746	
SPL	INVOICE	12/29/2021	H2	Sales Income	154	0.0	95746	0.04	0.0	
ENDTRNS	
TRNS	INVOICE	12/30/2021	Truck: 182dumpit]	Accounts Receivable	182	85.27	95747	
SPL	INVOICE	12/30/2021	H1	Sales Income	182	-85.27	95747	1.87	45.6	
ENDTRNS	
TRNS	INVOICE	12/30/2021	Truck: 1001JCGCOM	Accounts Receivable	240	150.94	95748	
SPL	INVOICE	12/30/2021	H1	Sales Income	240	-150.94	95748	3.31	45.6	
ENDTRNS	
TRNS	INVOICE	12/30/2021	Truck: 1921-C	Accounts Receivable	162	0	95749	
SPL	INVOICE	12/30/2021	H-2	Sales Income	162	0.0	95749	9.68	0.0	
ENDTRNS	
TRNS	INVOICE	12/30/2021	Truck: 154mcsilv/	Accounts Receivable	154	0	95750	
SPL	INVOICE	12/30/2021	H2	Sales Income	154	0.0	95750	0.23	0.0	
ENDTRNS	
TRNS	INVOICE	12/30/2021	Truck: 154bfcus/t	Accounts Receivable	182	52.9	95751	
SPL	INVOICE	12/30/2021	DC	Sales Income	182	-52.9	95751	1.16	45.6	
ENDTRNS	
TRNS	INVOICE	12/30/2021	Truck: 2664	Accounts Receivable	173	0	95752	
SPL	INVOICE	12/30/2021	H-3	Sales Income	173	0.0	95752	33.52	0.0	
ENDTRNS	
TRNS	INVOICE	12/30/2021	Truck: 1921-O	Accounts Receivable	162	0	95753	
SPL	INVOICE	12/30/2021	H-2	Sales Income	162	0.0	95753	0.49	0.0	
ENDTRNS	
TRNS	INVOICE	12/30/2021	Truck: 1001JCG20y	Accounts Receivable	240	47.88	95754	
SPL	INVOICE	12/30/2021	H1	Sales Income	240	-47.88	95754	1.05	45.6	
ENDTRNS	
TRNS	INVOICE	12/30/2021	Truck: 154stundr/	Accounts Receivable	154	0	95755	
SPL	INVOICE	12/30/2021	I-2	Sales Income	154	0.0	95755	0.32	0.0	
ENDTRNS	
TRNS	INVOICE	12/30/2021	Truck: 2679	Accounts Receivable	173	0	95756	
SPL	INVOICE	12/30/2021	H-3	Sales Income	173	0.0	95756	28.91	0.0	
ENDTRNS	
TRNS	INVOICE	12/30/2021	Truck: 154hcrep	Accounts Receivable	182	18.24	95757	
SPL	INVOICE	12/30/2021	DC	Sales Income	182	-18.24	95757	0.4	45.6	
ENDTRNS	
TRNS	INVOICE	12/30/2021	Truck: 154bsil/tr	Accounts Receivable	154	0	95758	
SPL	INVOICE	12/30/2021	H2	Sales Income	154	0.0	95758	0.31	0.0	
ENDTRNS	
TRNS	INVOICE	12/30/2021	Truck: 154rram	Accounts Receivable	182	13.22	95759	
SPL	INVOICE	12/30/2021	DC	Sales Income	182	-13.22	95759	0.29	45.59	
ENDTRNS	
TRNS	INVOICE	12/30/2021	Truck: 154gram/t	Accounts Receivable	154	0	95760	
SPL	INVOICE	12/30/2021	H2	Sales Income	154	0.0	95760	0.38	0.0	
ENDTRNS	
TRNS	INVOICE	12/30/2021	Truck: 154wf150	Accounts Receivable	154	0	95761	
SPL	INVOICE	12/30/2021	H2	Sales Income	154	0.0	95761	0.03	0.0	
ENDTRNS	
TRNS	INVOICE	12/30/2021	Truck: 154wgmc	Accounts Receivable	154	0	95762	
SPL	INVOICE	12/30/2021	H2	Sales Income	154	0.0	95762	0.2	0.0	
ENDTRNS	
TRNS	INVOICE	12/30/2021	Truck: 154rsilv/t	Accounts Receivable	154	0	95763	
SPL	INVOICE	12/30/2021	H2	Sales Income	154	0.0	95763	0.33	0.0	
ENDTRNS	
TRNS	INVOICE	12/30/2021	Truck: 154wsier	Accounts Receivable	154	0	95764	
SPL	INVOICE	12/30/2021	H2	Sales Income	154	0.0	95764	0.21	0.0	
ENDTRNS	
TRNS	INVOICE	12/30/2021	Truck: 154btac	Accounts Receivable	154	0	95765	
SPL	INVOICE	12/30/2021	H2	Sales Income	154	0.0	95765	0.05	0.0	
ENDTRNS	
TRNS	INVOICE	12/30/2021	Truck: 154cs10	Accounts Receivable	154	0	95766	
SPL	INVOICE	12/30/2021	H2	Sales Income	154	0.0	95766	0.09	0.0	
ENDTRNS	
TRNS	INVOICE	12/30/2021	Truck: 154bram	Accounts Receivable	154	0	95768	
SPL	INVOICE	12/30/2021	H2	Sales Income	154	0.0	95768	0.19	0.0	
ENDTRNS	
TRNS	INVOICE	12/30/2021	Truck: Renne's 94	Accounts Receivable	194	25.54	95769	
SPL	INVOICE	12/30/2021	H1	Sales Income	194	-25.54	95769	0.56	45.61	
ENDTRNS	
TRNS	INVOICE	12/30/2021	Truck: 154sf150	Accounts Receivable	154	0	95770	
SPL	INVOICE	12/30/2021	H2	Sales Income	154	0.0	95770	0.59	0.0	
ENDTRNS	
TRNS	INVOICE	12/30/2021	Truck: 154sc1500	Accounts Receivable	154	0	95771	
SPL	INVOICE	12/30/2021	H2	Sales Income	154	0.0	95771	0.15	0.0	
ENDTRNS	
TRNS	INVOICE	12/30/2021	Truck: 2137	Accounts Receivable	173	0	95772	
SPL	INVOICE	12/30/2021	H-3	Sales Income	173	0.0	95772	25.38	0.0	
ENDTRNS	
TRNS	INVOICE	12/30/2021	Truck: 154wf350	Accounts Receivable	120	17.33	95774	
SPL	INVOICE	12/30/2021	DC	Sales Income	120	-17.33	95774	0.38	45.61	
ENDTRNS	
TRNS	INVOICE	12/30/2021	Truck: Fac. Maint	Accounts Receivable	161	0	95775	
SPL	INVOICE	12/30/2021	H2	Sales Income	161	0.0	95775	0.29	0.0	
ENDTRNS	
TRNS	INVOICE	12/30/2021	Truck: Co H 3	Accounts Receivable	154	0	95776	
SPL	INVOICE	12/30/2021	H-2	Sales Income	154	0.0	95776	0.08	0.0	
ENDTRNS	
TRNS	INVOICE	12/30/2021	Truck: 154bf150	Accounts Receivable	154	0	95777	
SPL	INVOICE	12/30/2021	H2	Sales Income	154	0.0	95777	0.08	0.0	
ENDTRNS	
TRNS	INVOICE	12/30/2021	Truck: 1921-I	Accounts Receivable	162	0	95778	
SPL	INVOICE	12/30/2021	H2	Sales Income	162	0.0	95778	0.91	0.0	
ENDTRNS	
TRNS	INVOICE	12/30/2021	Truck: 154wf250/t	Accounts Receivable	154	0	95779	
SPL	INVOICE	12/30/2021	H2	Sales Income	154	0.0	95779	0.13	0.0	
ENDTRNS	
TRNS	INVOICE	12/30/2021	Truck: 154bgmc	Accounts Receivable	154	0	95780	
SPL	INVOICE	12/30/2021	H2	Sales Income	154	0.0	95780	0.01	0.0	
ENDTRNS	
TRNS	INVOICE	12/30/2021	Truck: 154ssilv	Accounts Receivable	154	0	95781	
SPL	INVOICE	12/30/2021	H2	Sales Income	154	0.0	95781	0.01	0.0	
ENDTRNS	
TRNS	INVOICE	12/30/2021	Truck: 154mcsil/	Accounts Receivable	154	0	95782	
SPL	INVOICE	12/30/2021	H2	Sales Income	154	0.0	95782	0.11	0.0	
ENDTRNS	
TRNS	INVOICE	12/30/2021	Truck: 405-1489	Accounts Receivable	150	0	95783	
SPL	INVOICE	12/30/2021	I-2	Sales Income	150	0.0	95783	0.26	0.0	
ENDTRNS	
TRNS	INVOICE	12/30/2021	Truck: 154bccolo	Accounts Receivable	154	0	95784	
SPL	INVOICE	12/30/2021	H2	Sales Income	154	0.0	95784	0.06	0.0	
ENDTRNS	
TRNS	INVOICE	12/30/2021	Truck: 154sf150/t	Accounts Receivable	154	0	95785	
SPL	INVOICE	12/30/2021	H2	Sales Income	154	0.0	95785	0.15	0.0	
ENDTRNS	
TRNS	INVOICE	12/30/2021	Truck: 182davis	Accounts Receivable	182	28.73	95786	
SPL	INVOICE	12/30/2021	H1	Sales Income	182	-28.73	95786	0.63	45.6	
ENDTRNS	
TRNS	INVOICE	12/30/2021	Truck: 1921-O	Accounts Receivable	162	0	95787	
SPL	INVOICE	12/30/2021	H-2	Sales Income	162	0.0	95787	0.95	0.0	
ENDTRNS	
TRNS	INVOICE	12/30/2021	Truck: 182dumpit	Accounts Receivable	182	82.54	95788	
SPL	INVOICE	12/30/2021	DC	Sales Income	182	-82.54	95788	1.81	45.6	
ENDTRNS	
TRNS	INVOICE	12/30/2021	Truck: 1 2 3	Accounts Receivable	154	0	95789	
SPL	INVOICE	12/30/2021	H-2	Sales Income	154	0.0	95789	2	0.0	
ENDTRNS	
TRNS	INVOICE	12/30/2021	Truck: 154bf150	Accounts Receivable	154	0	95790	
SPL	INVOICE	12/30/2021	H2	Sales Income	154	0.0	95790	0.1	0.0	
ENDTRNS	
TRNS	INVOICE	12/30/2021	Truck: 154wcsil/t	Accounts Receivable	154	0	95791	
SPL	INVOICE	12/30/2021	I-2	Sales Income	154	0.0	95791	0.58	0.0	
ENDTRNS	
TRNS	INVOICE	12/30/2021	Truck: 154elite	Accounts Receivable	182	5.93	95792	
SPL	INVOICE	12/30/2021	DC	Sales Income	182	-5.93	95792	0.13	45.62	
ENDTRNS	
TRNS	INVOICE	12/30/2021	Truck: 182elite#2	Accounts Receivable	182	5.02	95793	
SPL	INVOICE	12/30/2021	DC	Sales Income	182	-5.02	95793	0.11	45.64	
ENDTRNS	
TRNS	INVOICE	12/30/2021	Truck: 154gaval	Accounts Receivable	154	0	95794	
SPL	INVOICE	12/30/2021	H2	Sales Income	154	0.0	95794	0.03	0.0	
ENDTRNS	
TRNS	INVOICE	12/30/2021	Truck: 154wgmc	Accounts Receivable	154	0	95795	
SPL	INVOICE	12/30/2021	W-2 (White Goods)	Sales Income	154	0.0	95795	0.13	0.0	
ENDTRNS	
TRNS	INVOICE	12/30/2021	Truck: 154bf350	Accounts Receivable	154	0	95796	
SPL	INVOICE	12/30/2021	H2	Sales Income	154	0.0	95796	0.07	0.0	
ENDTRNS	
TRNS	INVOICE	12/30/2021	Truck: 154rran	Accounts Receivable	154	0	95797	
SPL	INVOICE	12/30/2021	H2	Sales Income	154	0.0	95797	0.12	0.0	
ENDTRNS	
TRNS	INVOICE	12/30/2021	Truck: 154bf150	Accounts Receivable	154	0	95798	
SPL	INVOICE	12/30/2021	W-2 (White Goods)	Sales Income	154	0.0	95798	0.05	0.0	
ENDTRNS	
TRNS	INVOICE	12/30/2021	Truck: 1925	Accounts Receivable	162	0	95799	
SPL	INVOICE	12/30/2021	H-2	Sales Income	162	0.0	95799	3.62	0.0	
ENDTRNS	
TRNS	INVOICE	12/30/2021	Truck: 1905	Accounts Receivable	162	0	95800	
SPL	INVOICE	12/30/2021	H-2	Sales Income	162	0.0	95800	3.37	0.0	
ENDTRNS	
TRNS	INVOICE	12/30/2021	Truck: 154bram250	Accounts Receivable	154	0	95801	
SPL	INVOICE	12/30/2021	H2	Sales Income	154	0.0	95801	0.02	0.0	
ENDTRNS	
TRNS	INVOICE	12/30/2021	Truck: 154wramden	Accounts Receivable	154	0	95802	
SPL	INVOICE	12/30/2021	H2	Sales Income	154	0.0	95802	0.04	0.0	
ENDTRNS	
TRNS	INVOICE	12/30/2021	Truck: 2679	Accounts Receivable	173	0	95803	
SPL	INVOICE	12/30/2021	H-3	Sales Income	173	0.0	95803	27.68	0.0	
ENDTRNS	
TRNS	INVOICE	12/30/2021	Truck: 1907	Accounts Receivable	162	0	95804	
SPL	INVOICE	12/30/2021	H-2	Sales Income	162	0.0	95804	3.84	0.0	
ENDTRNS	
TRNS	INVOICE	12/30/2021	Truck: 154gtund	Accounts Receivable	154	0	95805	
SPL	INVOICE	12/30/2021	H2	Sales Income	154	0.0	95805	0.08	0.0	
ENDTRNS	
TRNS	INVOICE	12/30/2021	Truck: 154b4x4	Accounts Receivable	154	0	95806	
SPL	INVOICE	12/30/2021	H2	Sales Income	154	0.0	95806	0.04	0.0	
ENDTRNS	
TRNS	INVOICE	12/30/2021	Truck: 154bram	Accounts Receivable	154	9.58	95807	
SPL	INVOICE	12/30/2021	DC	Sales Income	154	-9.58	95807	0.21	45.62	
ENDTRNS	
TRNS	INVOICE	12/30/2021	Truck: 154bf150	Accounts Receivable	154	0	95808	
SPL	INVOICE	12/30/2021	H2	Sales Income	154	0.0	95808	0.15	0.0	
ENDTRNS	
TRNS	INVOICE	12/30/2021	Truck: 154ggmc	Accounts Receivable	154	0	95809	
SPL	INVOICE	12/30/2021	W-2 (White Goods)	Sales Income	154	0.0	95809	0.15	0.0	
ENDTRNS	
TRNS	INVOICE	12/30/2021	Truck: 1923	Accounts Receivable	162	0	95810	
SPL	INVOICE	12/30/2021	H-2	Sales Income	162	0.0	95810	4.39	0.0	
ENDTRNS	
TRNS	INVOICE	12/30/2021	Truck: 154wcsilv	Accounts Receivable	154	0	95811	
SPL	INVOICE	12/30/2021	H2	Sales Income	154	0.0	95811	0.07	0.0	
ENDTRNS	
TRNS	INVOICE	12/30/2021	Truck: 154bsuv/t	Accounts Receivable	182	45.6	95812	
SPL	INVOICE	12/30/2021	DC	Sales Income	182	-45.6	95812	1	45.6	
ENDTRNS	
TRNS	INVOICE	12/30/2021	Truck: 154wsuv	Accounts Receivable	154	0	95813	
SPL	INVOICE	12/30/2021	H2	Sales Income	154	0.0	95813	0.14	0.0	
ENDTRNS	
TRNS	INVOICE	12/30/2021	Truck: 154wgmc	Accounts Receivable	154	0	95814	
SPL	INVOICE	12/30/2021	W-2 (White Goods)	Sales Income	154	0.0	95814	0.27	0.0	
ENDTRNS	
TRNS	INVOICE	12/30/2021	Truck: 154focus	Accounts Receivable	154	0	95815	
SPL	INVOICE	12/30/2021	H2	Sales Income	154	0.0	95815	0.26	0.0	
ENDTRNS	
TRNS	INVOICE	12/30/2021	Truck: 154gcz71/t	Accounts Receivable	154	0	95816	
SPL	INVOICE	12/30/2021	H2	Sales Income	154	0.0	95816	0.53	0.0	
ENDTRNS	
TRNS	INVOICE	12/30/2021	Truck: 154sf150	Accounts Receivable	154	0	95817	
SPL	INVOICE	12/30/2021	H2	Sales Income	154	0.0	95817	0.57	0.0	
ENDTRNS	
TRNS	INVOICE	12/30/2021	Truck: 1921-C	Accounts Receivable	162	0	95818	
SPL	INVOICE	12/30/2021	H-2	Sales Income	162	0.0	95818	11.71	0.0	
ENDTRNS	
TRNS	INVOICE	12/30/2021	Truck: 154stund	Accounts Receivable	154	0	95819	
SPL	INVOICE	12/30/2021	H2	Sales Income	154	0.0	95819	0.03	0.0	
ENDTRNS	
TRNS	INVOICE	12/30/2021	Truck: 154bcz71	Accounts Receivable	154	0	95820	
SPL	INVOICE	12/30/2021	H2	Sales Income	154	0.0	95820	0.02	0.0	
ENDTRNS	
TRNS	INVOICE	12/30/2021	Truck: 154stac	Accounts Receivable	154	0	95821	
SPL	INVOICE	12/30/2021	H2	Sales Income	154	0.0	95821	0.01	0.0	
ENDTRNS	
TRNS	INVOICE	12/30/2021	Truck: 154wf250	Accounts Receivable	154	0	95822	
SPL	INVOICE	12/30/2021	H2	Sales Income	154	0.0	95822	0.09	0.0	
ENDTRNS	
TRNS	INVOICE	12/30/2021	Truck: 154gccust	Accounts Receivable	182	13.68	95823	
SPL	INVOICE	12/30/2021	DC	Sales Income	182	-13.68	95823	0.3	45.6	
ENDTRNS	
TRNS	INVOICE	12/30/2021	Truck: 154wff	Accounts Receivable	154	0	95824	
SPL	INVOICE	12/30/2021	H2	Sales Income	154	0.0	95824	0.07	0.0	
ENDTRNS	
TRNS	INVOICE	12/30/2021	Truck: 154rfprl	Accounts Receivable	154	0	95826	
SPL	INVOICE	12/30/2021	H2	Sales Income	154	0.0	95826	0.14	0.0	
ENDTRNS	
TRNS	INVOICE	12/30/2021	Truck: 1906	Accounts Receivable	162	0	95827	
SPL	INVOICE	12/30/2021	H-2	Sales Income	162	0.0	95827	4.3	0.0	
ENDTRNS	
TRNS	INVOICE	12/30/2021	Truck: 154bram/	Accounts Receivable	154	0	95828	
SPL	INVOICE	12/30/2021	H2	Sales Income	154	0.0	95828	0.14	0.0	
ENDTRNS	
TRNS	INVOICE	12/30/2021	Truck: 154wtac	Accounts Receivable	154	0	95829	
SPL	INVOICE	12/30/2021	H2	Sales Income	154	0.0	95829	0.02	0.0	
ENDTRNS	
TRNS	INVOICE	12/30/2021	Truck: 154staco/t	Accounts Receivable	154	0	95830	
SPL	INVOICE	12/30/2021	H2	Sales Income	154	0.0	95830	0.51	0.0	
ENDTRNS	
TRNS	INVOICE	12/30/2021	Truck: 154blk/t	Accounts Receivable	154	0	95831	
SPL	INVOICE	12/30/2021	H2	Sales Income	154	0.0	95831	0.15	0.0	
ENDTRNS	
TRNS	INVOICE	12/30/2021	Truck: 154wff150	Accounts Receivable	154	0	95832	
SPL	INVOICE	12/30/2021	H2	Sales Income	154	0.0	95832	0.04	0.0	
ENDTRNS	
TRNS	INVOICE	12/30/2021	Truck: 154rf250	Accounts Receivable	154	0	95833	
SPL	INVOICE	12/30/2021	H2	Sales Income	154	0.0	95833	0.02	0.0	
ENDTRNS	
TRNS	INVOICE	12/30/2021	Truck: 154wram350	Accounts Receivable	154	0	95834	
SPL	INVOICE	12/30/2021	H2	Sales Income	154	0.0	95834	0.1	0.0	
ENDTRNS	
TRNS	INVOICE	12/30/2021	Truck: Renne's 94	Accounts Receivable	194	29.64	95835	
SPL	INVOICE	12/30/2021	H1	Sales Income	194	-29.64	95835	0.65	45.6	
ENDTRNS	
TRNS	INVOICE	12/30/2021	Truck: 154ssuv	Accounts Receivable	154	0	95836	
SPL	INVOICE	12/30/2021	H2	Sales Income	154	0.0	95836	0.05	0.0	
ENDTRNS	
TRNS	INVOICE	12/30/2021	Truck: 154tf150/t	Accounts Receivable	154	0	95837	
SPL	INVOICE	12/30/2021	H2	Sales Income	154	0.0	95837	0.08	0.0	
ENDTRNS	
TRNS	INVOICE	12/30/2021	Truck: 154bram	Accounts Receivable	154	0	95838	
SPL	INVOICE	12/30/2021	H2	Sales Income	154	0.0	95838	0.18	0.0	
ENDTRNS	
TRNS	INVOICE	12/30/2021	Truck: 154bf150	Accounts Receivable	154	0	95839	
SPL	INVOICE	12/30/2021	H2	Sales Income	154	0.0	95839	0.12	0.0	
ENDTRNS	
TRNS	INVOICE	12/30/2021	Truck: 154wf150	Accounts Receivable	154	0	95840	
SPL	INVOICE	12/30/2021	H2	Sales Income	154	0.0	95840	0.06	0.0	
ENDTRNS	
TRNS	INVOICE	12/30/2021	Truck: 154gf150	Accounts Receivable	182	7.3	95841	
SPL	INVOICE	12/30/2021	DC	Sales Income	182	-7.3	95841	0.16	45.62	
ENDTRNS	
TRNS	INVOICE	12/30/2021	Truck: 154btac/t	Accounts Receivable	154	0	95842	
SPL	INVOICE	12/30/2021	H2	Sales Income	154	0.0	95842	0.5	0.0	
ENDTRNS	
TRNS	INVOICE	12/30/2021	Truck: 154suv	Accounts Receivable	154	0	95843	
SPL	INVOICE	12/30/2021	H2	Sales Income	154	0.0	95843	0.05	0.0	
ENDTRNS	
TRNS	INVOICE	12/30/2021	Truck: 1921-O	Accounts Receivable	162	0	95845	
SPL	INVOICE	12/30/2021	H-2	Sales Income	162	0.0	95845	2.33	0.0	
ENDTRNS	
TRNS	INVOICE	12/30/2021	Truck: 154wc1500	Accounts Receivable	154	0	95846	
SPL	INVOICE	12/30/2021	H2	Sales Income	154	0.0	95846	0.38	0.0	
ENDTRNS	
TRNS	INVOICE	12/30/2021	Truck: 154w/rf250	Accounts Receivable	154	0	95847	
SPL	INVOICE	12/30/2021	H2	Sales Income	154	0.0	95847	0.09	0.0	
ENDTRNS	
TRNS	INVOICE	12/30/2021	Truck: 154bram150	Accounts Receivable	154	0	95849	
SPL	INVOICE	12/30/2021	H2	Sales Income	154	0.0	95849	0.1	0.0	
ENDTRNS	
TRNS	INVOICE	12/30/2021	Truck: 154gs10	Accounts Receivable	154	0	95850	
SPL	INVOICE	12/30/2021	H2	Sales Income	154	0.0	95850	0.14	0.0	
ENDTRNS	
TRNS	INVOICE	12/30/2021	Truck: 154gz71	Accounts Receivable	154	0	95851	
SPL	INVOICE	12/30/2021	H2	Sales Income	154	0.0	95851	0.17	0.0	
ENDTRNS	
TRNS	INVOICE	12/30/2021	Truck: 154wsilv/t	Accounts Receivable	154	0	95852	
SPL	INVOICE	12/30/2021	I-2	Sales Income	154	0.0	95852	0.47	0.0	
ENDTRNS	
TRNS	INVOICE	12/30/2021	Truck: 154bc1500/	Accounts Receivable	182	49.25	95853	
SPL	INVOICE	12/30/2021	DC	Sales Income	182	-49.25	95853	1.08	45.6	
ENDTRNS	
TRNS	INVOICE	12/30/2021	Truck: 154bram	Accounts Receivable	154	0	95854	
SPL	INVOICE	12/30/2021	W-2 (White Goods)	Sales Income	154	0.0	95854	0.06	0.0	
ENDTRNS	
TRNS	INVOICE	12/30/2021	Truck: 154tgmc	Accounts Receivable	154	0	95855	
SPL	INVOICE	12/30/2021	H2	Sales Income	154	0.0	95855	0.16	0.0	
ENDTRNS	
TRNS	INVOICE	12/30/2021	Truck: 154bcar	Accounts Receivable	154	0	95856	
SPL	INVOICE	12/30/2021	H2	Sales Income	154	0.0	95856	0.02	0.0	
ENDTRNS	
TRNS	INVOICE	12/30/2021	Truck: 154sf150	Accounts Receivable	154	0	95857	
SPL	INVOICE	12/30/2021	H2	Sales Income	154	0.0	95857	0.09	0.0	
ENDTRNS	
TRNS	INVOICE	12/30/2021	Truck: 154mf150	Accounts Receivable	154	0	95858	
SPL	INVOICE	12/30/2021	I-2	Sales Income	154	0.0	95858	0.28	0.0	
ENDTRNS	
TRNS	INVOICE	12/30/2021	Truck: 154bgmc	Accounts Receivable	154	0	95859	
SPL	INVOICE	12/30/2021	H2	Sales Income	154	0.0	95859	0.06	0.0	
ENDTRNS	
TRNS	INVOICE	12/30/2021	Truck: 154sgmc/t	Accounts Receivable	154	0	95860	
SPL	INVOICE	12/30/2021	H2	Sales Income	154	0.0	95860	0.17	0.0	
ENDTRNS	
TRNS	INVOICE	12/30/2021	Truck: 154wf150	Accounts Receivable	154	0	95861	
SPL	INVOICE	12/30/2021	H2	Sales Income	154	0.0	95861	0.08	0.0	
ENDTRNS	
TRNS	INVOICE	12/30/2021	Truck: 154wf350/t	Accounts Receivable	154	0	95862	
SPL	INVOICE	12/30/2021	H2	Sales Income	154	0.0	95862	0.22	0.0	
ENDTRNS	
TRNS	INVOICE	12/30/2021	Truck: 2679	Accounts Receivable	173	0	95864	
SPL	INVOICE	12/30/2021	H-3	Sales Income	173	0.0	95864	28.19	0.0	
ENDTRNS	
TRNS	INVOICE	12/30/2021	Truck: 154wtoy	Accounts Receivable	154	0	95865	
SPL	INVOICE	12/30/2021	H2	Sales Income	154	0.0	95865	0.19	0.0	
ENDTRNS	
TRNS	INVOICE	12/30/2021	Truck: 154rfbr/	Accounts Receivable	154	0	95866	
SPL	INVOICE	12/30/2021	H2	Sales Income	154	0.0	95866	0.1	0.0	
ENDTRNS	
TRNS	INVOICE	12/30/2021	Truck: 154stac	Accounts Receivable	154	0	95867	
SPL	INVOICE	12/30/2021	H2	Sales Income	154	0.0	95867	0.01	0.0	
ENDTRNS	
TRNS	INVOICE	12/31/2021	Truck: 154ssil/t	Accounts Receivable	154	0	95868	
SPL	INVOICE	12/31/2021	I-2	Sales Income	154	0.0	95868	0.68	0.0	
ENDTRNS	
TRNS	INVOICE	12/31/2021	Truck: 1706Calcom	Accounts Receivable	240	296.4	95869	
SPL	INVOICE	12/31/2021	H1	Sales Income	240	-296.4	95869	6.5	45.6	
ENDTRNS	
TRNS	INVOICE	12/31/2021	Truck: 2679	Accounts Receivable	173	0	95870	
SPL	INVOICE	12/31/2021	H-3	Sales Income	173	0.0	95870	28.04	0.0	
ENDTRNS	
TRNS	INVOICE	12/31/2021	Truck: 154rrang	Accounts Receivable	154	0	95871	
SPL	INVOICE	12/31/2021	H2	Sales Income	154	0.0	95871	0.18	0.0	
ENDTRNS	
TRNS	INVOICE	12/31/2021	Truck: 1921-O	Accounts Receivable	162	0	95872	
SPL	INVOICE	12/31/2021	H-2	Sales Income	162	0.0	95872	2.05	0.0	
ENDTRNS	
TRNS	INVOICE	12/31/2021	Truck: 2664	Accounts Receivable	173	0	95873	
SPL	INVOICE	12/31/2021	H-3	Sales Income	173	0.0	95873	28.57	0.0	
ENDTRNS	
TRNS	INVOICE	12/31/2021	Truck: 154bgmc/t	Accounts Receivable	154	0	95874	
SPL	INVOICE	12/31/2021	H2	Sales Income	154	0.0	95874	0.44	0.0	
ENDTRNS	
TRNS	INVOICE	12/31/2021	Truck: 154wram250	Accounts Receivable	154	0	95875	
SPL	INVOICE	12/31/2021	H2	Sales Income	154	0.0	95875	0.06	0.0	
ENDTRNS	
TRNS	INVOICE	12/31/2021	Truck: 154bf150	Accounts Receivable	154	0	95876	
SPL	INVOICE	12/31/2021	H2	Sales Income	154	0.0	95876	0.07	0.0	
ENDTRNS	
TRNS	INVOICE	12/31/2021	Truck: 154rcsil	Accounts Receivable	154	0	95877	
SPL	INVOICE	12/31/2021	H2	Sales Income	154	0.0	95877	0.09	0.0	
ENDTRNS	
TRNS	INVOICE	12/31/2021	Truck: 154bftun	Accounts Receivable	154	0	95878	
SPL	INVOICE	12/31/2021	H2	Sales Income	154	0.0	95878	0.06	0.0	
ENDTRNS	
TRNS	INVOICE	12/31/2021	Truck: 154wf150	Accounts Receivable	154	0	95879	
SPL	INVOICE	12/31/2021	H2	Sales Income	154	0.0	95879	0.06	0.0	
ENDTRNS	
TRNS	INVOICE	12/31/2021	Truck: 154bsuv/	Accounts Receivable	154	0	95880	
SPL	INVOICE	12/31/2021	H2	Sales Income	154	0.0	95880	0.11	0.0	
ENDTRNS	
TRNS	INVOICE	12/31/2021	Truck: 154s2500/t	Accounts Receivable	154	0	95881	
SPL	INVOICE	12/31/2021	H2	Sales Income	154	0.0	95881	0.76	0.0	
ENDTRNS	
TRNS	INVOICE	12/31/2021	Truck: 1921-C	Accounts Receivable	162	0	95882	
SPL	INVOICE	12/31/2021	H-2	Sales Income	162	0.0	95882	8.21	0.0	
ENDTRNS	
TRNS	INVOICE	12/31/2021	Truck: 154gf250	Accounts Receivable	154	0	95883	
SPL	INVOICE	12/31/2021	H2	Sales Income	154	0.0	95883	0.36	0.0	
ENDTRNS	
TRNS	INVOICE	12/31/2021	Truck: 154wf350	Accounts Receivable	154	0	95884	
SPL	INVOICE	12/31/2021	H2	Sales Income	154	0.0	95884	0.18	0.0	
ENDTRNS	
TRNS	INVOICE	12/31/2021	Truck: 1706PmRec	Accounts Receivable	240	15.5	95885	
SPL	INVOICE	12/31/2021	H1	Sales Income	240	-15.5	95885	0.34	45.59	
ENDTRNS	
TRNS	INVOICE	12/31/2021	Truck: 154bsuv/	Accounts Receivable	154	0	95886	
SPL	INVOICE	12/31/2021	H2	Sales Income	154	0.0	95886	0.15	0.0	
ENDTRNS	
TRNS	INVOICE	12/31/2021	Truck: 154bf150	Accounts Receivable	154	0	95887	
SPL	INVOICE	12/31/2021	H2	Sales Income	154	0.0	95887	0.09	0.0	
ENDTRNS	
TRNS	INVOICE	12/31/2021	Truck: 154wsilv/t	Accounts Receivable	154	0	95888	
SPL	INVOICE	12/31/2021	I-2	Sales Income	154	0.0	95888	1.21	0.0	
ENDTRNS	
TRNS	INVOICE	12/31/2021	Truck: 154btac	Accounts Receivable	154	0	95889	
SPL	INVOICE	12/31/2021	H2	Sales Income	154	0.0	95889	0.13	0.0	
ENDTRNS	
TRNS	INVOICE	12/31/2021	Truck: 154rram250	Accounts Receivable	182	25.08	95890	
SPL	INVOICE	12/31/2021	DC	Sales Income	182	-25.08	95890	0.55	45.6	
ENDTRNS	
TRNS	INVOICE	12/31/2021	Truck: 154bgmc/	Accounts Receivable	154	0	95891	
SPL	INVOICE	12/31/2021	H2	Sales Income	154	0.0	95891	0.13	0.0	
ENDTRNS	
TRNS	INVOICE	12/31/2021	Truck: 154gf150	Accounts Receivable	154	0	95892	
SPL	INVOICE	12/31/2021	H2	Sales Income	154	0.0	95892	0.12	0.0	
ENDTRNS	
TRNS	INVOICE	12/31/2021	Truck: 154bf150/t	Accounts Receivable	154	0	95894	
SPL	INVOICE	12/31/2021	H2	Sales Income	154	0.0	95894	0.3	0.0	
ENDTRNS	
TRNS	INVOICE	12/31/2021	Truck: 154wf150	Accounts Receivable	154	0	95896	
SPL	INVOICE	12/31/2021	H2	Sales Income	154	0.0	95896	0.11	0.0	
ENDTRNS	
TRNS	INVOICE	12/31/2021	Truck: 154wtuck/t	Accounts Receivable	154	0	95897	
SPL	INVOICE	12/31/2021	H2	Sales Income	154	0.0	95897	0.05	0.0	
ENDTRNS	
TRNS	INVOICE	12/31/2021	Truck: 154rc1500	Accounts Receivable	154	0	95898	
SPL	INVOICE	12/31/2021	H2	Sales Income	154	0.0	95898	0.05	0.0	
ENDTRNS	
TRNS	INVOICE	12/31/2021	Truck: 154wcsil	Accounts Receivable	154	0	95899	
SPL	INVOICE	12/31/2021	H2	Sales Income	154	0.0	95899	0.04	0.0	
ENDTRNS	
TRNS	INVOICE	12/31/2021	Truck: 1921-O	Accounts Receivable	162	0	95900	
SPL	INVOICE	12/31/2021	H-2	Sales Income	162	0.0	95900	3.54	0.0	
ENDTRNS	
TRNS	INVOICE	12/31/2021	Truck: 154whitedu	Accounts Receivable	154	0	95902	
SPL	INVOICE	12/31/2021	H2	Sales Income	154	0.0	95902	0.26	0.0	
ENDTRNS	
TRNS	INVOICE	12/31/2021	Truck: 154bf150/t	Accounts Receivable	154	0	95903	
SPL	INVOICE	12/31/2021	I-2	Sales Income	154	0.0	95903	0.63	0.0	
ENDTRNS	
TRNS	INVOICE	12/31/2021	Truck: 154rf150	Accounts Receivable	154	0	95904	
SPL	INVOICE	12/31/2021	H2	Sales Income	154	0.0	95904	0.06	0.0	
ENDTRNS	
TRNS	INVOICE	12/31/2021	Truck: 154bf150//	Accounts Receivable	154	0	95905	
SPL	INVOICE	12/31/2021	H2	Sales Income	154	0.0	95905	0.33	0.0	
ENDTRNS	
TRNS	INVOICE	12/31/2021	Truck: 154bf150	Accounts Receivable	154	0	95906	
SPL	INVOICE	12/31/2021	H2	Sales Income	154	0.0	95906	0.17	0.0	
ENDTRNS	
TRNS	INVOICE	12/31/2021	Truck: 2679	Accounts Receivable	173	0	95907	
SPL	INVOICE	12/31/2021	H-3	Sales Income	173	0.0	95907	25.29	0.0	
ENDTRNS	
TRNS	INVOICE	12/31/2021	Truck: 154wram/t	Accounts Receivable	182	15.5	95908	
SPL	INVOICE	12/31/2021	DC	Sales Income	182	-15.5	95908	0.34	45.59	
ENDTRNS	
TRNS	INVOICE	12/31/2021	Truck: 154car	Accounts Receivable	154	0	95909	
SPL	INVOICE	12/31/2021	H2	Sales Income	154	0.0	95909	0.01	0.0	
ENDTRNS	
TRNS	INVOICE	12/31/2021	Truck: 154uhaul	Accounts Receivable	154	0	95910	
SPL	INVOICE	12/31/2021	H2	Sales Income	154	0.0	95910	0.72	0.0	
ENDTRNS	
TRNS	INVOICE	12/31/2021	Truck: 154bgmc	Accounts Receivable	182	26.9	95911	
SPL	INVOICE	12/31/2021	DC	Sales Income	182	-26.9	95911	0.59	45.59	
ENDTRNS	
TRNS	INVOICE	12/31/2021	Truck: 154wc1500	Accounts Receivable	154	0	95912	
SPL	INVOICE	12/31/2021	H2	Sales Income	154	0.0	95912	0.02	0.0	
ENDTRNS	
TRNS	INVOICE	12/31/2021	Truck: 154wc1500r	Accounts Receivable	154	0	95913	
SPL	INVOICE	12/31/2021	H2	Sales Income	154	0.0	95913	0.12	0.0	
ENDTRNS	
TRNS	INVOICE	12/31/2021	Truck: 154bram350	Accounts Receivable	182	20.98	95914	
SPL	INVOICE	12/31/2021	DC	Sales Income	182	-20.98	95914	0.46	45.61	
ENDTRNS	
TRNS	INVOICE	12/31/2021	Truck: 154wf150	Accounts Receivable	154	0	95915	
SPL	INVOICE	12/31/2021	H2	Sales Income	154	0.0	95915	0.03	0.0	
ENDTRNS	
TRNS	INVOICE	12/31/2021	Truck: 154wram250	Accounts Receivable	154	0	95916	
SPL	INVOICE	12/31/2021	I-2	Sales Income	154	0.0	95916	0.02	0.0	
ENDTRNS	
TRNS	INVOICE	12/31/2021	Truck: 1921-O	Accounts Receivable	162	0	95917	
SPL	INVOICE	12/31/2021	H-2	Sales Income	162	0.0	95917	0.98	0.0	
ENDTRNS	
TRNS	INVOICE	12/31/2021	Truck: 154ggmc	Accounts Receivable	154	0	95918	
SPL	INVOICE	12/31/2021	H2	Sales Income	154	0.0	95918	0.02	0.0	
ENDTRNS	
TRNS	INVOICE	12/31/2021	Truck: 154wchev	Accounts Receivable	154	0	95919	
SPL	INVOICE	12/31/2021	H2	Sales Income	154	0.0	95919	0.14	0.0	
ENDTRNS	
TRNS	INVOICE	12/31/2021	Truck: 154wram150	Accounts Receivable	154	0	95921	
SPL	INVOICE	12/31/2021	H2	Sales Income	154	0.0	95921	0.07	0.0	
ENDTRNS	
TRNS	INVOICE	12/31/2021	Truck: 154wcsil/t	Accounts Receivable	154	0	95923	
SPL	INVOICE	12/31/2021	I-2	Sales Income	154	0.0	95923	1.11	0.0	
ENDTRNS	
TRNS	INVOICE	12/31/2021	Truck: 154wgmc	Accounts Receivable	182	26.9	95924	
SPL	INVOICE	12/31/2021	DC	Sales Income	182	-26.9	95924	0.59	45.59	
ENDTRNS	
TRNS	INVOICE	12/31/2021	Truck: 154wf350	Accounts Receivable	182	4.56	95925	
SPL	INVOICE	12/31/2021	DC	Sales Income	182	-4.56	95925	0.1	45.6	
ENDTRNS	
TRNS	INVOICE	12/31/2021	Truck: 154gc1500/	Accounts Receivable	154	0	95926	
SPL	INVOICE	12/31/2021	H2	Sales Income	154	0.0	95926	0.71	0.0	
ENDTRNS	
TRNS	INVOICE	12/31/2021	Truck: 154tfcust	Accounts Receivable	154	0	95927	
SPL	INVOICE	12/31/2021	H2	Sales Income	154	0.0	95927	0.12	0.0	
ENDTRNS	
TRNS	INVOICE	12/31/2021	Truck: 1921-O	Accounts Receivable	162	0	95928	
SPL	INVOICE	12/31/2021	H-2	Sales Income	162	0.0	95928	3.18	0.0	
ENDTRNS	
TRNS	INVOICE	12/31/2021	Truck: 154wgmc	Accounts Receivable	154	0	95929	
SPL	INVOICE	12/31/2021	H2	Sales Income	154	0.0	95929	0.02	0.0	
ENDTRNS	
TRNS	INVOICE	12/31/2021	Truck: 154bf150/t	Accounts Receivable	154	0	95930	
SPL	INVOICE	12/31/2021	I-2	Sales Income	154	0.0	95930	0.95	0.0	
ENDTRNS	
TRNS	INVOICE	12/31/2021	Truck: 154bgmc	Accounts Receivable	182	15.5	95931	
SPL	INVOICE	12/31/2021	DC	Sales Income	182	-15.5	95931	0.34	45.59	
ENDTRNS	
TRNS	INVOICE	12/31/2021	Truck: 154tf250/t	Accounts Receivable	154	0	95932	
SPL	INVOICE	12/31/2021	H2	Sales Income	154	0.0	95932	0.16	0.0	
ENDTRNS	
TRNS	INVOICE	12/31/2021	Truck: 154wgmc	Accounts Receivable	154	0	95933	
SPL	INVOICE	12/31/2021	H2	Sales Income	154	0.0	95933	0.01	0.0	
ENDTRNS	
TRNS	INVOICE	12/31/2021	Truck: 154sctexas	Accounts Receivable	154	0	95934	
SPL	INVOICE	12/31/2021	H2	Sales Income	154	0.0	95934	0.2	0.0	
ENDTRNS	
TRNS	INVOICE	12/31/2021	Truck: 154gf150	Accounts Receivable	154	0	95935	
SPL	INVOICE	12/31/2021	I-2	Sales Income	154	0.0	95935	0.54	0.0	
ENDTRNS	
TRNS	INVOICE	12/31/2021	Truck: 154wsilver	Accounts Receivable	154	0	95936	
SPL	INVOICE	12/31/2021	H2	Sales Income	154	0.0	95936	0.1	0.0	
ENDTRNS	
TRNS	INVOICE	12/31/2021	Truck: 154wf250	Accounts Receivable	154	0	95937	
SPL	INVOICE	12/31/2021	H2	Sales Income	154	0.0	95937	0.12	0.0	
ENDTRNS	
TRNS	INVOICE	12/31/2021	Truck: 154g4x4/	Accounts Receivable	154	0	95938	
SPL	INVOICE	12/31/2021	H2	Sales Income	154	0.0	95938	0.24	0.0	
ENDTRNS	
TRNS	INVOICE	12/31/2021	Truck: 154wcsilv/	Accounts Receivable	154	0	95939	
SPL	INVOICE	12/31/2021	I-2	Sales Income	154	0.0	95939	1.04	0.0	
ENDTRNS	
TRNS	INVOICE	12/31/2021	Truck: 154uhaul	Accounts Receivable	154	0	95940	
SPL	INVOICE	12/31/2021	H2	Sales Income	154	0.0	95940	1.13	0.0	
ENDTRNS	
TRNS	INVOICE	12/31/2021	Truck: 154bgmc	Accounts Receivable	154	0	95941	
SPL	INVOICE	12/31/2021	H2	Sales Income	154	0.0	95941	0.11	0.0	
ENDTRNS	
TRNS	INVOICE	12/31/2021	Truck: 154bcsilv/	Accounts Receivable	154	0	95942	
SPL	INVOICE	12/31/2021	H2	Sales Income	154	0.0	95942	0.28	0.0	
ENDTRNS	
TRNS	INVOICE	12/31/2021	Truck: 2679	Accounts Receivable	173	0	95943	
SPL	INVOICE	12/31/2021	H-3	Sales Income	173	0.0	95943	19.58	0.0	
ENDTRNS	
TRNS	INVOICE	12/31/2021	Truck: 154w2500/	Accounts Receivable	154	0	95944	
SPL	INVOICE	12/31/2021	H2	Sales Income	154	0.0	95944	0.35	0.0	
ENDTRNS	
TRNS	INVOICE	12/31/2021	Truck: 154rtund	Accounts Receivable	154	0	95945	
SPL	INVOICE	12/31/2021	H2	Sales Income	154	0.0	95945	0.06	0.0	
ENDTRNS	
TRNS	INVOICE	12/31/2021	Truck: 154ttac	Accounts Receivable	154	0	95946	
SPL	INVOICE	12/31/2021	H2	Sales Income	154	0.0	95946	0.08	0.0	
ENDTRNS	
TRNS	INVOICE	12/31/2021	Truck: 154btoy	Accounts Receivable	154	0	95947	
SPL	INVOICE	12/31/2021	H2	Sales Income	154	0.0	95947	0.06	0.0	
ENDTRNS	
